
@article{krause_interbank_2012,
	title = {Interbank lending and the spread of bank failures: {A} network model of systemic risk},
	volume = {83},
	issn = {01672681},
	shorttitle = {Interbank lending and the spread of bank failures},
	url = {http://linkinghub.elsevier.com/retrieve/pii/S0167268112001242},
	doi = {10.1016/j.jebo.2012.05.015},
	language = {en},
	number = {3},
	urldate = {2016-03-01},
	journal = {Journal of Economic Behavior \& Organization},
	author = {Krause, Andreas and Giansante, Simone},
	month = aug,
	year = {2012},
	pages = {583--608},
	file = {Interbank-lending-and-the-spread-of-bank-failures-A-network-model-of-systemic-risk_2012_Journal-of-Economic-Behavior-Organization.pdf:C\:\\Users\\Jason\\AppData\\Roaming\\Zotero\\Zotero\\Profiles\\0jev52w1.default\\zotero\\storage\\VX6PHR9G\\Interbank-lending-and-the-spread-of-bank-failures-A-network-model-of-systemic-risk_2012_Journal-of-Economic-Behavior-Organization.pdf:application/pdf}
}

@article{elliott_financial_2012,
	title = {Financial {Networks} and {Contagion}},
	author = {Elliott, M. and Golub, B. and Jackson, M. O.},
	year = {2012},
	note = {mimeo}
}

@article{serwa_financial_2005,
	title = {Financial contagion vulnerability and resistance: {A} comparison of {European} stock markets},
	volume = {29},
	issn = {09393625},
	shorttitle = {Financial contagion vulnerability and resistance},
	url = {http://linkinghub.elsevier.com/retrieve/pii/S0939362505000518},
	doi = {10.1016/j.ecosys.2005.05.003},
	language = {en},
	number = {3},
	urldate = {2016-03-26},
	journal = {Economic Systems},
	author = {Serwa, Dobromił and Bohl, Martin T.},
	month = sep,
	year = {2005},
	pages = {344--362},
	file = {Financial contagion vulnerability and resistance A comparison of European stock markets.pdf:C\:\\Users\\Jason\\AppData\\Roaming\\Zotero\\Zotero\\Profiles\\0jev52w1.default\\zotero\\storage\\TFA4UZIZ\\Financial contagion vulnerability and resistance A comparison of European stock markets.pdf:application/pdf}
}

@article{calv?o-armengol_pairwise_2009,
	title = {Pairwise {Stability} and {Nash} {Equilibria} in {Network} {Formation}},
	volume = {38},
	journal = {International Journal of Game Theory},
	author = {Calv?o-Armengol, A. and Ikili?c, R.},
	year = {2009},
	pages = {51--79}
}

@article{chiu_industry_2015,
	title = {Industry characteristics and financial risk contagion},
	volume = {50},
	issn = {03784266},
	url = {http://linkinghub.elsevier.com/retrieve/pii/S0378426614001290},
	doi = {10.1016/j.jbankfin.2014.04.003},
	language = {en},
	urldate = {2016-03-26},
	journal = {Journal of Banking \& Finance},
	author = {Chiu, Wan-Chien and Peña, Juan Ignacio and Wang, Chih-Wei},
	month = jan,
	year = {2015},
	pages = {411--427},
	file = {Industry characteristics and financial risk contagion.pdf:C\:\\Users\\Jason\\AppData\\Roaming\\Zotero\\Zotero\\Profiles\\0jev52w1.default\\zotero\\storage\\74V3GZ6W\\Industry characteristics and financial risk contagion.pdf:application/pdf}
}

@article{metiu_sovereign_2012,
	title = {Sovereign risk contagion in the {Eurozone}},
	volume = {117},
	issn = {01651765},
	url = {http://linkinghub.elsevier.com/retrieve/pii/S0165176512002157},
	doi = {10.1016/j.econlet.2012.04.074},
	language = {en},
	number = {1},
	urldate = {2016-03-26},
	journal = {Economics Letters},
	author = {Metiu, Norbert},
	month = oct,
	year = {2012},
	pages = {35--38},
	file = {Sovereign risk contagion in the Eurozone.pdf:C\:\\Users\\Jason\\AppData\\Roaming\\Zotero\\Zotero\\Profiles\\0jev52w1.default\\zotero\\storage\\9QBR92WQ\\Sovereign risk contagion in the Eurozone.pdf:application/pdf}
}

@article{smimou_intensity_2015,
	title = {On the intensity of liquidity spillovers in the {Eurozone}},
	issn = {10575219},
	url = {http://linkinghub.elsevier.com/retrieve/pii/S1057521915000460},
	doi = {10.1016/j.irfa.2015.03.009},
	language = {en},
	urldate = {2016-03-26},
	journal = {International Review of Financial Analysis},
	author = {Smimou, K. and Khallouli, W.},
	month = mar,
	year = {2015},
	file = {On the intensity of liquidity spillovers in the Eurozone.pdf:C\:\\Users\\Jason\\AppData\\Roaming\\Zotero\\Zotero\\Profiles\\0jev52w1.default\\zotero\\storage\\WAVDU5A8\\On the intensity of liquidity spillovers in the Eurozone.pdf:application/pdf}
}

@misc{gabaix_power_????,
	title = {power laws},
	url = {http://pages.stern.nyu.edu/~xgabaix/papers/powerLaws.pdf},
	author = {Gabaix, Xavier}
}

@article{freixas_systemic_2000,
	title = {Systemic risk, interban relations, and liquidity provision},
	volume = {32},
	journal = {Journal of Money, Credit and Banking},
	author = {Freixas, X. and Parigi, B. M. and Rochet, J.-c},
	year = {2000},
	pages = {611--638}
}

@misc{srchttp://0.gravatar.com/avatar/f5e789b2b75c42b109dab265927045ff?s49_how_????,
	title = {How to upgrade {R} on windows {XP} – another strategy (and the {R} code to do it)},
	url = {http://www.r-statistics.com/2010/04/changing-your-r-upgrading-strategy-and-the-r-code-to-do-it-on-windows/},
	abstract = {Update: This post has a follow-up for how to upgrade R on windows 7 explaining how to deal with permission issues.Background - how I heard that there is more},
	urldate = {2016-03-20},
	journal = {R-statistics blog},
	author = {Src='http://0.gravatar.com/Avatar/F5e789b2b75c42b109dab265927045ff?s=49, {\textless}img Alt='' and {\#038;d=mm} and Srcset='http://0.gravatar.com/Avatar/F5e789b2b75c42b109dab265927045ff?s=98, \#038;r=g' and {amp;d=mm} and Galili, amp;r=g 2x' class='avatar avatar-49 photo' height='49' width='49'/{\textgreater}Author Tal},
	file = {Snapshot:C\:\\Users\\Jason\\AppData\\Roaming\\Zotero\\Zotero\\Profiles\\0jev52w1.default\\zotero\\storage\\HZPZH858\\Src='http0.gravatar.comAvatarF5e789b2b75c42b109dab265927045ffs=49 et al. - How to upgrade R on windows XP – another strategy .html:text/html}
}

@misc{_consolidating_????,
	title = {Consolidating {Data} from {Multiple} {Worksheets} into a {Summary} {Worksheet} in {Excel}},
	url = {https://msdn.microsoft.com/en-us/library/cc793964(v=office.12).aspx},
	urldate = {2016-03-13},
	file = {Consolidating Data from Multiple Worksheets into a Summary Worksheet in Excel:C\:\\Users\\Jason\\AppData\\Roaming\\Zotero\\Zotero\\Profiles\\0jev52w1.default\\zotero\\storage\\PG7GNHTV\\cc793964(v=office.12).html:text/html}
}

@article{ballester_whos_2006,
	title = {Who's who in networks {Wanted}: {The} key player},
	volume = {74},
	journal = {Econometrica},
	author = {Ballester, C. and Calvo-Armengol, A. and Zenou, Y.},
	year = {2006},
	pages = {1403--1417}
}

@article{nicolo_bank_2004,
	title = {Bank {Consolidation}, {Internationalization}, and {Conglomeration}: {Trends} and {Implications} for {Financial} {Risk}},
	volume = {13},
	issn = {0963-8008, 1468-0416},
	shorttitle = {Bank {Consolidation}, {Internationalization}, and {Conglomeration}},
	url = {http://doi.wiley.com/10.1111/j.0963-8008.2004.00076.x},
	doi = {10.1111/j.0963-8008.2004.00076.x},
	language = {en},
	number = {4},
	urldate = {2016-03-26},
	journal = {Financial Markets, Institutions and Instruments},
	author = {Nicolo, Gianni De and Bartholomew, Philip and Zaman, Jahanara and Zephirin, Mary},
	month = oct,
	year = {2004},
	pages = {173--217},
	file = {Bank Consolidation, Internationalization, and Conglomeration_ Trends and Implications for Financial Risk - Nicoló - 2004 - Financial Markets, Institutions & Instruments - Wiley Online Library.pdf:C\:\\Users\\Jason\\AppData\\Roaming\\Zotero\\Zotero\\Profiles\\0jev52w1.default\\zotero\\storage\\AAAIFXRD\\Bank Consolidation, Internationalization, and Conglomeration_ Trends and Implications for Financial Risk - Nicoló - 2004 - Financial Markets, Instituti.pdf:application/pdf}
}

@article{allen_asset_2011,
	title = {Asset {Commonality} {Debt} {Maturity} and {Systemic} {Risk}},
	journal = {Journal of Financial Economics},
	author = {Allen, F. and Babus, A. and Carletti, E.},
	year = {2011}
}

@misc{_wolfram|alpha_????,
	title = {Wolfram{\textbar}{Alpha} {Widgets}: "{Spherical} {Integral} {Calculator}" - {Free} {Mathematics} {Widget}},
	url = {http://www.wolframalpha.com/widgets/view.jsp?id=89c969c21b169fa996f899d9b2a98588},
	urldate = {2016-03-22},
	file = {Wolfram|Alpha Widgets\: "Spherical Integral Calculator" - Free Mathematics Widget:C\:\\Users\\Jason\\AppData\\Roaming\\Zotero\\Zotero\\Profiles\\0jev52w1.default\\zotero\\storage\\ZWG2MUC8\\view.html:text/html}
}

@article{kyle_contagion_2001,
	title = {Contagion as a wealth effect},
	volume = {56},
	url = {http://onlinelibrary.wiley.com/doi/10.1111/0022-1082.00373/full},
	number = {4},
	urldate = {2016-02-29},
	journal = {The Journal of Finance},
	author = {Kyle, Albert S. and Xiong, Wei},
	year = {2001},
	pages = {1401--1440},
	file = {Contagion as a wealth effect - Journal of Finance -2001.pdf:C\:\\Users\\Jason\\AppData\\Roaming\\Zotero\\Zotero\\Profiles\\0jev52w1.default\\zotero\\storage\\GF8BJRAJ\\Contagion as a wealth effect - Journal of Finance -2001.pdf:application/pdf}
}

@article{vitali_financial_2016,
	title = {Financial fragility and distress propagation in a network of regions},
	volume = {62},
	issn = {01651889},
	url = {http://linkinghub.elsevier.com/retrieve/pii/S016518891500192X},
	doi = {10.1016/j.jedc.2015.10.003},
	language = {en},
	urldate = {2016-03-26},
	journal = {Journal of Economic Dynamics and Control},
	author = {Vitali, Stefania and Battiston, Stefano and Gallegati, Mauro},
	month = jan,
	year = {2016},
	pages = {56--75},
	file = {Financial fragility and distress propagation in a network of regions.pdf:C\:\\Users\\Jason\\AppData\\Roaming\\Zotero\\Zotero\\Profiles\\0jev52w1.default\\zotero\\storage\\D4WDS3DJ\\Financial fragility and distress propagation in a network of regions.pdf:application/pdf}
}

@misc{_consolidating_????-1,
	title = {Consolidating {Data} from {Multiple} {Worksheets} into a {Summary} {Worksheet} in {Excel}},
	url = {https://msdn.microsoft.com/en-us/library/cc793964(v=office.12).aspx},
	urldate = {2016-03-13},
	file = {Consolidating Data from Multiple Worksheets into a Summary Worksheet in Excel:C\:\\Users\\Jason\\AppData\\Roaming\\Zotero\\Zotero\\Profiles\\0jev52w1.default\\zotero\\storage\\NPKKCVBE\\cc793964(v=office.12).html:text/html}
}

@article{arghyrou_emu_2012,
	title = {The {EMU} sovereign-debt crisis: {Fundamentals}, expectations and contagion},
	volume = {22},
	issn = {10424431},
	shorttitle = {The {EMU} sovereign-debt crisis},
	url = {http://linkinghub.elsevier.com/retrieve/pii/S1042443112000236},
	doi = {10.1016/j.intfin.2012.03.003},
	language = {en},
	number = {4},
	urldate = {2016-03-26},
	journal = {Journal of International Financial Markets, Institutions and Money},
	author = {Arghyrou, Michael G. and Kontonikas, Alexandros},
	month = oct,
	year = {2012},
	pages = {658--677},
	file = {The EMU sovereign-debt crisis  Fundamentals.pdf:C\:\\Users\\Jason\\AppData\\Roaming\\Zotero\\Zotero\\Profiles\\0jev52w1.default\\zotero\\storage\\9A7SIWRZ\\The EMU sovereign-debt crisis  Fundamentals.pdf:application/pdf}
}

@article{chang_fundamentals_2002,
	title = {Fundamentals, beliefs, and financial contagion},
	volume = {46},
	url = {http://www.sciencedirect.com/science/article/pii/S0014292101002148},
	number = {4},
	urldate = {2016-03-26},
	journal = {European Economic Review},
	author = {Chang, Roberto and Majnoni, Giovanni},
	year = {2002},
	pages = {801--808},
	file = {Fundamentals-beliefs-and-financial-contagion_2002_European-Economic-Review.pdf:C\:\\Users\\Jason\\AppData\\Roaming\\Zotero\\Zotero\\Profiles\\0jev52w1.default\\zotero\\storage\\KHSD3SQU\\Fundamentals-beliefs-and-financial-contagion_2002_European-Economic-Review.pdf:application/pdf}
}

@article{egloff_simple_2007,
	title = {A simple model of credit contagion},
	volume = {31},
	issn = {03784266},
	url = {http://linkinghub.elsevier.com/retrieve/pii/S0378426607000301},
	doi = {10.1016/j.jbankfin.2006.10.023},
	language = {en},
	number = {8},
	urldate = {2016-03-26},
	journal = {Journal of Banking \& Finance},
	author = {Egloff, Daniel and Leippold, Markus and Vanini, Paolo},
	month = aug,
	year = {2007},
	pages = {2475--2492},
	file = {A-simple-model-of-credit-contagion_2007_Journal-of-Banking-Finance.pdf:C\:\\Users\\Jason\\AppData\\Roaming\\Zotero\\Zotero\\Profiles\\0jev52w1.default\\zotero\\storage\\4ENCXBHJ\\A-simple-model-of-credit-contagion_2007_Journal-of-Banking-Finance.pdf:application/pdf}
}

@article{gabaix_rank-_2011,
	title = {Rank- 1/2: a simple way to improve the {OLS} estimation of tail exponents},
	volume = {29},
	shorttitle = {Rank- 1/2},
	url = {http://www.tandfonline.com/doi/abs/10.1198/jbes.2009.06157},
	number = {1},
	urldate = {2016-03-07},
	journal = {Journal of Business \& Economic Statistics},
	author = {Gabaix, Xavier and Ibragimov, Rustam},
	year = {2011},
	pages = {24--39},
	file = {Snapshot:C\:\\Users\\Jason\\AppData\\Roaming\\Zotero\\Zotero\\Profiles\\0jev52w1.default\\zotero\\storage\\BGHWFIXZ\\jbes.2009.html:text/html}
}

@misc{_bibliographies_????,
	title = {bibliographies - {Question} mark instead of citation number - {TeX} - {LaTeX} {Stack} {Exchange}},
	url = {http://tex.stackexchange.com/questions/63852/question-mark-instead-of-citation-number},
	urldate = {2016-03-23},
	file = {Snapshot:C\:\\Users\\Jason\\AppData\\Roaming\\Zotero\\Zotero\\Profiles\\0jev52w1.default\\zotero\\storage\\QDRCWTPE\\question-mark-instead-of-citation-number.html:text/html}
}

@article{allen_issues_2004,
	title = {Issues in the credit risk modeling of retail markets},
	volume = {28},
	issn = {03784266},
	url = {http://linkinghub.elsevier.com/retrieve/pii/S0378426603001973},
	doi = {10.1016/j.jbankfin.2003.10.004},
	language = {en},
	number = {4},
	urldate = {2016-03-26},
	journal = {Journal of Banking \& Finance},
	author = {Allen, Linda and DeLong, Gayle and Saunders, Anthony},
	month = apr,
	year = {2004},
	pages = {727--752},
	file = {Issues-in-the-credit-risk-modeling-of-retail-markets_2004_Journal-of-Banking-Finance.pdf:C\:\\Users\\Jason\\AppData\\Roaming\\Zotero\\Zotero\\Profiles\\0jev52w1.default\\zotero\\storage\\M2IF3U9U\\Issues-in-the-credit-risk-modeling-of-retail-markets_2004_Journal-of-Banking-Finance.pdf:application/pdf}
}

@misc{_bibtex_????,
	title = {{BibTeX} in {WinEdt}},
	url = {http://www.math.jhu.edu/~jkramer/bibtex/},
	urldate = {2016-03-19},
	file = {BibTeX in WinEdt:C\:\\Users\\Jason\\AppData\\Roaming\\Zotero\\Zotero\\Profiles\\0jev52w1.default\\zotero\\storage\\7DA5XTJS\\bibtex.html:text/html}
}

@misc{says_exporting_2015,
	title = {Exporting high resolution graphs from {RStudio}},
	url = {http://christinaslisrant.scientopia.org/2015/02/12/exporting-high-resolution-graphs-from-rstudio/},
	abstract = {This may not be obvious until you look into it but apparently the default export from RStudio –  if you use the nifty little tool in plots tab on the lower right hand side –  is 72dpi. …},
	urldate = {2016-03-13},
	journal = {Christina's LIS Rant},
	author = {says, Bill},
	month = feb,
	year = {2015},
	file = {Snapshot:C\:\\Users\\Jason\\AppData\\Roaming\\Zotero\\Zotero\\Profiles\\0jev52w1.default\\zotero\\storage\\4ZFKVII2\\exporting-high-resolution-graphs-from-rstudio.html:text/html}
}

@article{wagner_diversification_2010,
	title = {Diversification at financial institutions and systemic crises},
	volume = {19},
	issn = {10429573},
	url = {http://linkinghub.elsevier.com/retrieve/pii/S1042957309000345},
	doi = {10.1016/j.jfi.2009.07.002},
	language = {en},
	number = {3},
	urldate = {2016-03-26},
	journal = {Journal of Financial Intermediation},
	author = {Wagner, Wolf},
	month = jul,
	year = {2010},
	pages = {373--386},
	file = {Diversification at financial institutions and systemic crises.pdf:C\:\\Users\\Jason\\AppData\\Roaming\\Zotero\\Zotero\\Profiles\\0jev52w1.default\\zotero\\storage\\NFVN3BG7\\Diversification at financial institutions and systemic crises.pdf:application/pdf}
}

@article{wagner_diversification_2010-1,
	title = {Diversification at financial institutions and systemic crises},
	volume = {19},
	issn = {10429573},
	url = {http://linkinghub.elsevier.com/retrieve/pii/S1042957309000345},
	doi = {10.1016/j.jfi.2009.07.002},
	language = {en},
	number = {3},
	urldate = {2016-02-29},
	journal = {Journal of Financial Intermediation},
	author = {Wagner, Wolf},
	month = jul,
	year = {2010},
	pages = {373--386},
	file = {Diversification-at-financial-institutions-and-systemic-crises_2010_Journal-of-Financial-Intermediation.pdf:C\:\\Users\\Jason\\AppData\\Roaming\\Zotero\\Zotero\\Profiles\\0jev52w1.default\\zotero\\storage\\ESATBPR4\\Diversification-at-financial-institutions-and-systemic-crises_2010_Journal-of-Financial-Intermediation.pdf:application/pdf}
}

@misc{_kb:importing_formatted_bibliographies_????,
	title = {kb:importing\_formatted\_bibliographies [{Zotero} {Documentation}]},
	url = {https://www.zotero.org/support/kb/importing_formatted_bibliographies},
	urldate = {2016-02-29},
	file = {kb\:importing_formatted_bibliographies [Zotero Documentation]:C\:\\Users\\Jason\\AppData\\Roaming\\Zotero\\Zotero\\Profiles\\0jev52w1.default\\zotero\\storage\\T3IGQXBS\\importing_formatted_bibliographies.html:text/html}
}

@article{forbes_no_2002,
	title = {No contagion, only interdependence: measuring stock market comovements},
	volume = {57},
	shorttitle = {No contagion, only interdependence},
	url = {http://onlinelibrary.wiley.com/doi/10.1111/0022-1082.00494/full},
	number = {5},
	urldate = {2016-03-26},
	journal = {The journal of Finance},
	author = {Forbes, Kristin J. and Rigobon, Roberto},
	year = {2002},
	pages = {2223--2261},
	file = {No Contagion, Only Interdependence Measuring Stock Comovements.pdf:C\:\\Users\\Jason\\AppData\\Roaming\\Zotero\\Zotero\\Profiles\\0jev52w1.default\\zotero\\storage\\U2CQIB7M\\No Contagion, Only Interdependence Measuring Stock Comovements.pdf:application/pdf}
}

@book{_aggregate_2008,
	title = {Aggregate {Fluctuations} and the {Network} {Structure} of {Intersectoral} {Trade}},
	isbn = {978-0-549-73995-1},
	abstract = {This thesis analyzes and models the flow of intermediate inputs across sectors by adopting a network perspective on sectoral interactions. I apply these tools to show how fluctuations in the aggregate economy can be obtained from independent shocks to individual sectors. First, by interpreting data in detailed input-use matrices through this lens, I characterize the structure of input trade in the U.S. On the demand side, a typical sector relies on a small number of key inputs and sectors are similar in this respect. However, in their role as input-suppliers sectors do differ: many specialized input suppliers coexist alongside general purpose sectors that function as hubs to the economy. The thesis then shows how to construct a network model of input-use matrices that can reproduce these connectivity features in the data. In a standard multisector setup, I use this model of input-use matrices to provide analytical expressions linking the variability in aggregates to the network structure of input trade. I show that the presence of sectoral hubs - by coupling production decisions across the economy - leads to fluctuations in aggregates. Furthermore, I show that this network approach provides a common framework for hitherto opposing arguments on how fast the volatility of aggregates decays with the number of sectoral technologies.},
	language = {en},
	publisher = {ProQuest},
	year = {2008}
}

@article{acemoglu_network_2012,
	title = {The network origins of aggregate fluctuations},
	volume = {80},
	url = {http://onlinelibrary.wiley.com/doi/10.3982/ECTA9623/abstract},
	number = {5},
	urldate = {2016-03-01},
	journal = {Econometrica},
	author = {Acemoglu, Daron and Carvalho, Vasco M. and Ozdaglar, Asuman and Tahbaz-Salehi, Alireza},
	year = {2012},
	pages = {1977--2016},
	file = {Snapshot:C\:\\Users\\Jason\\AppData\\Roaming\\Zotero\\Zotero\\Profiles\\0jev52w1.default\\zotero\\storage\\N77V2RGB\\abstract.html:text/html}
}

@article{serwa_financial_2005-1,
	title = {Financial contagion vulnerability and resistance: {A} comparison of {European} stock markets},
	volume = {29},
	issn = {09393625},
	shorttitle = {Financial contagion vulnerability and resistance},
	url = {http://linkinghub.elsevier.com/retrieve/pii/S0939362505000518},
	doi = {10.1016/j.ecosys.2005.05.003},
	language = {en},
	number = {3},
	urldate = {2016-02-29},
	journal = {Economic Systems},
	author = {Serwa, Dobromił and Bohl, Martin T.},
	month = sep,
	year = {2005},
	pages = {344--362},
	file = {Financial contagion vulnerability and resistance A comparison of European stock markets.pdf:C\:\\Users\\Jason\\AppData\\Roaming\\Zotero\\Zotero\\Profiles\\0jev52w1.default\\zotero\\storage\\4EGUU76Q\\Financial contagion vulnerability and resistance A comparison of European stock markets.pdf:application/pdf}
}

@misc{__????,
	title = {历史波动率分析使用简介},
	url = {http://180.96.8.19/windnet/Bulletin/help/HVG_Help.pdf},
	urldate = {2016-03-10},
	file = {:C\:\\Users\\Jason\\AppData\\Roaming\\Zotero\\Zotero\\Profiles\\0jev52w1.default\\zotero\\storage\\RRIJ3WP3\\HVG_Help.html:text/html}
}

@misc{_igraph_????,
	title = {igraph {R} manual pages},
	url = {http://igraph.org/r/doc/tkplot.html},
	urldate = {2016-03-07},
	file = {igraph R manual pages:C\:\\Users\\Jason\\AppData\\Roaming\\Zotero\\Zotero\\Profiles\\0jev52w1.default\\zotero\\storage\\KKE5QU2T\\tkplot.html:text/html}
}

@article{jackson_strategic_1996,
	title = {A {Strategic} {Model} of {Social} and {Economic} {Networks}},
	volume = {71},
	journal = {Journal of Economic Theory},
	author = {Jackson, M. and Wolinsky, A.},
	year = {1996},
	pages = {44--74}
}

@article{bramoull?e_risk-sharing_2007,
	title = {Risk-{Sharing} {Networks}},
	volume = {64},
	journal = {Journal of Economic Behavior and Organization},
	author = {Bramoull?e, Y. and Kranton, R. E.},
	year = {2007},
	pages = {275--94}
}

@misc{center_for_history_and_new_media_zotero_????,
	title = {Zotero 快速入门指南},
	url = {http://zotero.org/support/quick_start_guide},
	author = {{Center for History and New Media}}
}

@article{baele_time-varying_2010,
	title = {Time-varying integration, interdependence and contagion},
	volume = {29},
	issn = {02615606},
	url = {http://linkinghub.elsevier.com/retrieve/pii/S0261560609001405},
	doi = {10.1016/j.jimonfin.2009.12.008},
	language = {en},
	number = {5},
	urldate = {2016-03-26},
	journal = {Journal of International Money and Finance},
	author = {Baele, Lieven and Inghelbrecht, Koen},
	month = sep,
	year = {2010},
	pages = {791--818},
	file = {Time-varying-integration-interdependence-and-contagion_2010_Journal-of-International-Money-and-Finance.pdf:C\:\\Users\\Jason\\AppData\\Roaming\\Zotero\\Zotero\\Profiles\\0jev52w1.default\\zotero\\storage\\9NEX7HRA\\Time-varying-integration-interdependence-and-contagion_2010_Journal-of-International-Money-and-Finance.pdf:application/pdf}
}

@article{krugman_balance_1999,
	title = {Balance {Sheets}, the {Transfer} {Problem}, and {Financial} {Crises}},
	volume = {6},
	journal = {International Tax and Public Finance},
	author = {Krugman, P.},
	year = {1999},
	pages = {459--472}
}

@misc{_2002_????,
	title = {《中国国民经济核算体系（2002）》：投入产出表},
	url = {http://www.stats.gov.cn/ztjc/tjzdgg/zggmjjhstx/200305/t20030527_38588.html},
	urldate = {2016-03-02},
	file = {《中国国民经济核算体系（2002）》：投入产出表:C\:\\Users\\Jason\\AppData\\Roaming\\Zotero\\Zotero\\Profiles\\0jev52w1.default\\zotero\\storage\\KT3G342P\\t20030527_38588.html:text/html}
}

@techreport{acemoglu_network_2013,
	type = {Working {Paper}},
	title = {The {Network} {Origins} of {Large} {Economic} {Downturns}},
	url = {http://www.nber.org/papers/w19230},
	abstract = {This paper shows that large economic downturns may result from the propagation of microeconomic shocks over the input-output linkages across different firms or sectors within the economy. Building on the framework of Acemoglu et al. (2012), we argue that the economy's input-output structure can fundamentally reshape the distribution of aggregate output, increasing the likelihood of large downturns from infinitesimal to substantial. More specifically, we show that an economy with non-trivial intersectoral input-output linkages that is subject to thin-tailed productivity shocks may exhibit deep recessions as frequently as economies that are subject to heavy-tailed shocks. Moreover, we show that in the presence of input-output linkages, aggregate volatility is not necessarily a sufficient statistic for the likelihood of large downturns. Rather, depending on the shape of the distribution of the idiosyncratic shocks, different features of the economy's input-output network may be of first-order importance. Finally, our results establish that the effects of the economy's input-output structure and the nature of the idiosyncratic firm-level shocks on aggregate output are not separable, in the sense that the likelihood of large economic downturns is determined by the interplay between the two.},
	number = {19230},
	urldate = {2016-03-07},
	institution = {National Bureau of Economic Research},
	author = {Acemoglu, Daron and Ozdaglar, Asuman and Tahbaz-Salehi, Alireza},
	month = jul,
	year = {2013},
	file = {NBER Full Text PDF:C\:\\Users\\Jason\\AppData\\Roaming\\Zotero\\Zotero\\Profiles\\0jev52w1.default\\zotero\\storage\\E8TN4PTA\\Acemoglu 等. - 2013 - The Network Origins of Large Economic Downturns.pdf:application/pdf;Snapshot:C\:\\Users\\Jason\\AppData\\Roaming\\Zotero\\Zotero\\Profiles\\0jev52w1.default\\zotero\\storage\\S2U6UPTJ\\w19230.html:text/html}
}

@article{allen_financial_2000,
	title = {Financial {Contagion}},
	volume = {42},
	journal = {Journal of Political Economy},
	author = {Allen, F. and Gale, D.},
	year = {2000},
	pages = {1--33}
}

@misc{_is_????,
	title = {Is it possible to store str output in a {R} object? - {Stack} {Overflow}},
	shorttitle = {Is it possible to store str output in a {R} object?},
	url = {http://stackoverflow.com/questions/22930292/is-it-possible-to-store-str-output-in-a-r-object},
	urldate = {2016-03-21}
}

@article{allen_credit_2006,
	title = {Credit risk transfer and contagion},
	volume = {53},
	issn = {03043932},
	url = {http://linkinghub.elsevier.com/retrieve/pii/S0304393205001492},
	doi = {10.1016/j.jmoneco.2005.10.004},
	language = {en},
	number = {1},
	urldate = {2016-03-26},
	journal = {Journal of Monetary Economics},
	author = {Allen, Franklin and Carletti, Elena},
	month = jan,
	year = {2006},
	pages = {89--111},
	file = {Credit risk transfer and contagion.pdf:C\:\\Users\\Jason\\AppData\\Roaming\\Zotero\\Zotero\\Profiles\\0jev52w1.default\\zotero\\storage\\EHI4FWT5\\Credit risk transfer and contagion.pdf:application/pdf}
}

@article{chan-lau_extreme_2004,
	title = {Extreme contagion in equity markets},
	url = {http://www.jstor.org/stable/30035880},
	urldate = {2016-03-26},
	journal = {IMF staff papers},
	author = {Chan-Lau, Jorge A. and Mathieson, Donald J. and Yao, James Y.},
	year = {2004},
	pages = {386--408},
	file = {Extreme Contagion in Equity Markets.pdf:C\:\\Users\\Jason\\AppData\\Roaming\\Zotero\\Zotero\\Profiles\\0jev52w1.default\\zotero\\storage\\GIZUTM7S\\Extreme Contagion in Equity Markets.pdf:application/pdf}
}

@article{asgharian_risk_2011,
	title = {Risk contagion among international stock markets},
	volume = {30},
	issn = {02615606},
	url = {http://linkinghub.elsevier.com/retrieve/pii/S0261560610000859},
	doi = {10.1016/j.jimonfin.2010.06.006},
	language = {en},
	number = {1},
	urldate = {2016-03-26},
	journal = {Journal of International Money and Finance},
	author = {Asgharian, Hossein and Nossman, Marcus},
	month = feb,
	year = {2011},
	pages = {22--38},
	file = {Risk contagion among international stock markets.pdf:C\:\\Users\\Jason\\AppData\\Roaming\\Zotero\\Zotero\\Profiles\\0jev52w1.default\\zotero\\storage\\4E8DB98G\\Risk contagion among international stock markets.pdf:application/pdf}
}

@article{gai_contagion_2010,
	title = {Contagion in financial networks},
	volume = {466},
	issn = {1364-5021, 1471-2946},
	url = {http://rspa.royalsocietypublishing.org/cgi/doi/10.1098/rspa.2009.0410},
	doi = {10.1098/rspa.2009.0410},
	language = {en},
	number = {2120},
	urldate = {2016-03-26},
	journal = {Proceedings of the Royal Society A: Mathematical, Physical and Engineering Sciences},
	author = {Gai, P. and Kapadia, S.},
	month = aug,
	year = {2010},
	pages = {2401--2423},
	file = {Contagion in financial networks.pdf:C\:\\Users\\Jason\\AppData\\Roaming\\Zotero\\Zotero\\Profiles\\0jev52w1.default\\zotero\\storage\\IGNVIGSC\\Contagion in financial networks.pdf:application/pdf}
}

@article{allen_financial_2000-1,
	title = {Financial {Contagion}},
	volume = {108},
	issn = {0022-3808},
	url = {http://www.jstor.org/stable/10.1086/262109},
	doi = {10.1086/262109},
	abstract = {Financial contagion is modeled as an equilibrium phenomenon. Because liquidity preference shocks are imperfectly correlated across regions, banks hold interregional claims on other banks to provide insurance against liquidity preference shocks. When there is no aggregate uncertainty, the first‐best allocation of risk sharing can be achieved. However, this arrangement is financially fragile. A small liquidity preference shock in one region can spread by contagion throughout the economy. The possibility of contagion depends strongly on the completeness of the structure of interregional claims. Complete claims structures are shown to be more robust than incomplete structures.},
	number = {1},
	urldate = {2016-03-07},
	journal = {Journal of Political Economy},
	author = {Allen, Franklin and Gale, Douglas},
	year = {2000},
	pages = {1--33},
	file = {JSTOR Full Text PDF:C\:\\Users\\Jason\\AppData\\Roaming\\Zotero\\Zotero\\Profiles\\0jev52w1.default\\zotero\\storage\\HHT8H5RV\\Allen 和 Gale - 2000 - Financial Contagion.pdf:application/pdf}
}

@techreport{acemoglu_transition_2014,
	type = {Working {Paper}},
	title = {Transition to {Clean} {Technology}},
	url = {http://www.nber.org/papers/w20743},
	abstract = {We develop a microeconomic model of endogenous growth where clean and dirty technologies compete in production and innovation—in the sense that research can be directed to either clean or dirty technologies. If dirty technologies are more advanced to start with, the potential transition to clean technology can be difficult both because clean research must climb several rungs to catch up with dirty technology and because this gap discourages research effort directed towards clean technologies. Carbon taxes and research subsidies may nonetheless encourage production and innovation in clean technologies, though the transition will typically be slow. We characterize certain general properties of the transition path from dirty to clean technology. We then estimate the model using a combination of regression analysis on the relationship between R\&D and patents, and simulated method of moments using microdata on employment, production, R\&D, firm growth, entry and exit from the US energy sector. The model's quantitative implications match a range of moments not targeted in the estimation quite well. We then characterize the optimal policy path implied by the model and our estimates. Optimal policy makes heavy use of research subsidies as well as carbon taxes. We use the model to evaluate the welfare consequences of a range of alternative policies.},
	number = {20743},
	urldate = {2016-03-08},
	institution = {National Bureau of Economic Research},
	author = {Acemoglu, Daron and Akcigit, Ufuk and Hanley, Douglas and Kerr, William},
	month = dec,
	year = {2014},
	file = {NBER Full Text PDF:C\:\\Users\\Jason\\AppData\\Roaming\\Zotero\\Zotero\\Profiles\\0jev52w1.default\\zotero\\storage\\P8K6S3M2\\Acemoglu 等. - 2014 - Transition to Clean Technology.pdf:application/pdf}
}

@article{rodriguez_measuring_2007,
	title = {Measuring financial contagion: {A} {Copula} approach},
	volume = {14},
	issn = {09275398},
	shorttitle = {Measuring financial contagion},
	url = {http://linkinghub.elsevier.com/retrieve/pii/S0927539806000582},
	doi = {10.1016/j.jempfin.2006.07.002},
	language = {en},
	number = {3},
	urldate = {2016-02-29},
	journal = {Journal of Empirical Finance},
	author = {Rodriguez, Juan Carlos},
	month = jun,
	year = {2007},
	pages = {401--423},
	file = {Measuring financial contagion A Copula approach.pdf:C\:\\Users\\Jason\\AppData\\Roaming\\Zotero\\Zotero\\Profiles\\0jev52w1.default\\zotero\\storage\\PWSZ6JWA\\Measuring financial contagion A Copula approach.pdf:application/pdf}
}

@article{goldstein_contagion_2004,
	title = {Contagion of self-fulfilling financial crises due to diversification of investment portfolios},
	volume = {119},
	issn = {00220531},
	url = {http://linkinghub.elsevier.com/retrieve/pii/S0022053104000912},
	doi = {10.1016/j.jet.2004.03.004},
	language = {en},
	number = {1},
	urldate = {2016-03-26},
	journal = {Journal of Economic Theory},
	author = {Goldstein, Itay and Pauzner, Ady},
	month = nov,
	year = {2004},
	pages = {151--183},
	file = {Contagion of self-fulfilling financial crises due to diversification of investment portfolios.pdf:C\:\\Users\\Jason\\AppData\\Roaming\\Zotero\\Zotero\\Profiles\\0jev52w1.default\\zotero\\storage\\H2P3DPQZ\\Contagion of self-fulfilling financial crises due to diversification of investment portfolios.pdf:application/pdf}
}

@article{leitner_financial_2005,
	title = {Financial networks: {Contagion}, commitment, and private sector bailouts},
	volume = {60},
	shorttitle = {Financial networks},
	url = {http://onlinelibrary.wiley.com/doi/10.1111/j.1540-6261.2005.00821.x/full},
	number = {6},
	urldate = {2016-02-29},
	journal = {The Journal of Finance},
	author = {Leitner, Yaron},
	year = {2005},
	pages = {2925--2953},
	file = {Financial Networks Contagion, Commitment and Private Sector Bailouts - Journal of Finance -2005.pdf:C\:\\Users\\Jason\\AppData\\Roaming\\Zotero\\Zotero\\Profiles\\0jev52w1.default\\zotero\\storage\\U8RKHXM8\\Financial Networks Contagion, Commitment and Private Sector Bailouts - Journal of Finance -2005.pdf:application/pdf}
}

@misc{__????-1,
	title = {国家数据},
	url = {http://data.stats.gov.cn/ifnormal.htm?u=/files/html/quickSearch/trcc/trcc01.html&h=740},
	urldate = {2016-03-13},
	file = {国家数据:C\:\\Users\\Jason\\AppData\\Roaming\\Zotero\\Zotero\\Profiles\\0jev52w1.default\\zotero\\storage\\B72HQZ32\\ifnormal.html:text/html}
}

@article{giesecke_credit_2006,
	title = {Credit contagion and aggregate losses},
	volume = {30},
	issn = {01651889},
	url = {http://linkinghub.elsevier.com/retrieve/pii/S0165188905000618},
	doi = {10.1016/j.jedc.2005.01.004},
	language = {en},
	number = {5},
	urldate = {2016-02-29},
	journal = {Journal of Economic Dynamics and Control},
	author = {Giesecke, Kay and Weber, Stefan},
	month = may,
	year = {2006},
	pages = {741--767},
	file = {Credit-contagion-and-aggregate-losses_2006_Journal-of-Economic-Dynamics-and-Control.pdf:C\:\\Users\\Jason\\AppData\\Roaming\\Zotero\\Zotero\\Profiles\\0jev52w1.default\\zotero\\storage\\NC5Z5X72\\Credit-contagion-and-aggregate-losses_2006_Journal-of-Economic-Dynamics-and-Control.pdf:application/pdf}
}

@techreport{acemoglu_systemic_2013,
	type = {Working {Paper}},
	title = {Systemic {Risk} and {Stability} in {Financial} {Networks}},
	url = {http://www.nber.org/papers/w18727},
	abstract = {We provide a framework for studying the relationship between the financial network architecture and the likelihood of systemic failures due to contagion of counterparty risk. We show that financial contagion exhibits a form of phase transition as interbank connections increase: as long as the magnitude and the number of negative shocks affecting financial institutions are sufficiently small, more "complete" interbank claims enhance the stability of the system. However, beyond a certain point, such interconnections start to serve as a mechanism for propagation of shocks and lead to a more fragile financial system. We also show that, under natural contracting assumptions, financial networks that emerge in equilibrium may be socially inefficient due to the presence of a network externality: even though banks take the effects of their lending, risk-taking and failure on their immediate creditors into account, they do not internalize the consequences of their actions on the rest of the network.},
	number = {18727},
	urldate = {2016-03-08},
	institution = {National Bureau of Economic Research},
	author = {Acemoglu, Daron and Ozdaglar, Asuman and Tahbaz-Salehi, Alireza},
	month = jan,
	year = {2013},
	file = {NBER Full Text PDF:C\:\\Users\\Jason\\AppData\\Roaming\\Zotero\\Zotero\\Profiles\\0jev52w1.default\\zotero\\storage\\BR3ZWHCS\\Acemoglu 等. - 2013 - Systemic Risk and Stability in Financial Networks.pdf:application/pdf;Snapshot:C\:\\Users\\Jason\\AppData\\Roaming\\Zotero\\Zotero\\Profiles\\0jev52w1.default\\zotero\\storage\\H9EUX222\\w18727.html:text/html}
}

@article{vitali_financial_2016-1,
	title = {Financial fragility and distress propagation in a network of regions},
	volume = {62},
	issn = {01651889},
	url = {http://linkinghub.elsevier.com/retrieve/pii/S016518891500192X},
	doi = {10.1016/j.jedc.2015.10.003},
	language = {en},
	urldate = {2016-02-29},
	journal = {Journal of Economic Dynamics and Control},
	author = {Vitali, Stefania and Battiston, Stefano and Gallegati, Mauro},
	month = jan,
	year = {2016},
	pages = {56--75},
	file = {Financial fragility and distress propagation in a network of regions.pdf:C\:\\Users\\Jason\\AppData\\Roaming\\Zotero\\Zotero\\Profiles\\0jev52w1.default\\zotero\\storage\\PIBX46V4\\Financial fragility and distress propagation in a network of regions.pdf:application/pdf}
}

@article{bloch_informal_2008,
	title = {Informal {Insurance} in {Social} {Networks}},
	volume = {143},
	journal = {Journal of Economic Theory},
	author = {Bloch, F. and Genicot, G. and Ray, D.},
	year = {2008},
	pages = {36--58}
}

@book{cook_residuals_1982,
	address = {New York},
	series = {Monographs on statistics and applied probability},
	title = {Residuals and influence in regression},
	isbn = {978-0-412-24280-9},
	publisher = {Chapman and Hall},
	author = {Cook, R. Dennis and Weisberg, Sanford},
	year = {1982},
	keywords = {Regression analysis},
	file = {Studentized residual.pdf:C\:\\Users\\Jason\\AppData\\Roaming\\Zotero\\Zotero\\Profiles\\0jev52w1.default\\zotero\\storage\\5EKVXE2H\\Studentized residual.pdf:application/pdf}
}

@article{gai_contagion_2010-1,
	title = {Contagion in financial networks},
	volume = {466},
	issn = {1364-5021, 1471-2946},
	url = {http://rspa.royalsocietypublishing.org/cgi/doi/10.1098/rspa.2009.0410},
	doi = {10.1098/rspa.2009.0410},
	language = {en},
	number = {2120},
	urldate = {2016-02-29},
	journal = {Proceedings of the Royal Society A: Mathematical, Physical and Engineering Sciences},
	author = {Gai, P. and Kapadia, S.},
	month = aug,
	year = {2010},
	pages = {2401--2423},
	file = {Contagion in financial networks.pdf:C\:\\Users\\Jason\\AppData\\Roaming\\Zotero\\Zotero\\Profiles\\0jev52w1.default\\zotero\\storage\\R9FXQG2W\\Contagion in financial networks.pdf:application/pdf}
}

@misc{_how_????,
	title = {How to read all worksheets in an {Excel} {Workbook} into an {R} list with data.frame elements using {XLConnect}? - {Stack} {Overflow}},
	shorttitle = {How to read all worksheets in an {Excel} {Workbook} into an {R} list with data.frame elements using {XLConnect}?},
	url = {http://stackoverflow.com/questions/12945687/how-to-read-all-worksheets-in-an-excel-workbook-into-an-r-list-with-data-frame-e},
	urldate = {2016-03-13}
}

@article{yu_credit_2008,
	title = {Credit risk assessment with a multistage neural network ensemble learning approach},
	volume = {34},
	issn = {09574174},
	url = {http://linkinghub.elsevier.com/retrieve/pii/S0957417407000206},
	doi = {10.1016/j.eswa.2007.01.009},
	language = {en},
	number = {2},
	urldate = {2016-03-26},
	journal = {Expert Systems with Applications},
	author = {Yu, L and Wang, S and Lai, K},
	month = feb,
	year = {2008},
	pages = {1434--1444},
	file = {Credit-risk-assessment-with-a-multistage-neural-network-ensemble-learning-approach_2008_Expert-Systems-with-Applications.pdf:C\:\\Users\\Jason\\AppData\\Roaming\\Zotero\\Zotero\\Profiles\\0jev52w1.default\\zotero\\storage\\HP72E5CI\\Credit-risk-assessment-with-a-multistage-neural-network-ensemble-learning-approach_2008_Expert-Systems-with-Applications.pdf:application/pdf}
}

@article{giannellis_what_2011,
	title = {What causes exchange rate volatility? {Evidence} from selected {EMU} members and candidates for {EMU} membership countries},
	volume = {30},
	issn = {02615606},
	shorttitle = {What causes exchange rate volatility?},
	url = {http://linkinghub.elsevier.com/retrieve/pii/S0261560610000872},
	doi = {10.1016/j.jimonfin.2010.07.002},
	language = {en},
	number = {1},
	urldate = {2016-03-26},
	journal = {Journal of International Money and Finance},
	author = {Giannellis, Nikolaos and Papadopoulos, Athanasios P.},
	month = feb,
	year = {2011},
	pages = {39--61},
	file = {What-causes-exchange-rate-volatility-Evidence-from-selected-EMU-members-and-candidates-for-EMU-membership-countries_2011_Journal-of-International-Mone.pdf:C\:\\Users\\Jason\\AppData\\Roaming\\Zotero\\Zotero\\Profiles\\0jev52w1.default\\zotero\\storage\\8QT24P2K\\What-causes-exchange-rate-volatility-Evidence-from-selected-EMU-members-and-candidates-for-EMU-membership-countries_2011_Journal-of-International-Mone.pdf:application/pdf}
}

@misc{_how_????-1,
	title = {How to change engine to xelatex? · {Issue} \#356 · {SublimeText}/{LaTeXTools}},
	shorttitle = {How to change engine to xelatex?},
	url = {https://github.com/SublimeText/LaTeXTools/issues/356},
	abstract = {I know it might be a dumb question, but I really found the README instructions are quite helpless.

I just want to use xelatex engine for compilation. In the README, it states:

program: one of pdf...},
	urldate = {2016-03-26},
	journal = {GitHub}
}

@misc{_bea_????,
	title = {{BEA} : {Industry}: {Input}-{Output} {Accounts} {Data}},
	url = {http://www.bea.gov/industry/io_annual.htm},
	urldate = {2016-03-02},
	file = {BEA \: Industry\: Input-Output Accounts Data:C\:\\Users\\Jason\\AppData\\Roaming\\Zotero\\Zotero\\Profiles\\0jev52w1.default\\zotero\\storage\\IAH4H94S\\io_annual.html:text/html}
}

@article{gabaix_granular_2011,
	title = {The granular origins of aggregate fluctuations},
	volume = {79},
	url = {http://onlinelibrary.wiley.com/doi/10.3982/ECTA8769/abstract},
	number = {3},
	urldate = {2016-03-07},
	journal = {Econometrica},
	author = {Gabaix, Xavier},
	year = {2011},
	pages = {733--772},
	file = {Snapshot:C\:\\Users\\Jason\\AppData\\Roaming\\Zotero\\Zotero\\Profiles\\0jev52w1.default\\zotero\\storage\\6EEF33GN\\abstract.html:text/html}
}

@article{panton_comovement_1976,
	title = {Comovement of {International} {Equity} {Markets}: {A} {Taxonomic} {Approach}},
	volume = {11},
	issn = {00221090},
	shorttitle = {Comovement of {International} {Equity} {Markets}},
	url = {http://search.ebscohost.com/login.aspx?direct=true&db=bth&AN=5722004&lang=zh-cn&site=ehost-live},
	abstract = {The article discusses the international equity market using cluster analysis to examine the organization of the market and the stability of the comovement in the market. The rate of return of 12 countries from various times was compared and the cophenetic correlations uncovered two things about how such a calculation should be carried out. The article concludes that the inner market structure shows a similarity between markets in Canada and the U.S., which corresponds to a period of stability between the two countries.},
	number = {3},
	urldate = {2016-03-10},
	journal = {Journal of Financial \& Quantitative Analysis},
	author = {Panton, Don B. and Lessig, V. Parker and Joy, O. Maurice},
	month = sep,
	year = {1976},
	keywords = {20TH century, CAPITAL movements, CLUSTER analysis (Statistics), COMMERCIAL markets, CONSUMPTION (Economics), ECONOMIC history, INDUSTRIAL organization (Economic theory), INTERNATIONAL finance, INTERNATIONAL trade, METHODOLOGY, RATE of return, RESEARCH, STOCK exchanges},
	pages = {415--432},
	file = {EBSCO Full Text:C\:\\Users\\Jason\\AppData\\Roaming\\Zotero\\Zotero\\Profiles\\0jev52w1.default\\zotero\\storage\\TQM72P4A\\Panton 等. - 1976 - Comovement of International Equity Markets A Taxo.pdf:application/pdf}
}

@article{ahrend_drivers_2011,
	title = {Drivers of {Systemic} {Banking} {Crises}: {The} {Role} of {Bank}-{Balance}-{Sheet} {Contagion} and {Financial} {Account} {Structure}},
	author = {Ahrend, R. and Goujard, A.},
	year = {2011}
}

@article{ambrus_consumption_2011,
	title = {Consumption {Risk}-sharing in {Social} {Networks}},
	author = {Ambrus, A. and Mobius, M. and Szdeil, A.},
	year = {2011},
	note = {mimeo}
}

@inproceedings{lucas_understanding_1977,
	title = {Understanding business cycles},
	volume = {5},
	booktitle = {Carnegie-{Rochester} conference series on public policy},
	publisher = {North-Holland},
	author = {Lucas, Robert E.},
	year = {1977},
	pages = {7--29}
}

@article{smimou_intensity_2015-1,
	title = {On the intensity of liquidity spillovers in the {Eurozone}},
	issn = {10575219},
	url = {http://linkinghub.elsevier.com/retrieve/pii/S1057521915000460},
	doi = {10.1016/j.irfa.2015.03.009},
	language = {en},
	urldate = {2016-02-29},
	journal = {International Review of Financial Analysis},
	author = {Smimou, K. and Khallouli, W.},
	month = mar,
	year = {2015},
	file = {On the intensity of liquidity spillovers in the Eurozone.pdf:C\:\\Users\\Jason\\AppData\\Roaming\\Zotero\\Zotero\\Profiles\\0jev52w1.default\\zotero\\storage\\76C3KN5C\\On the intensity of liquidity spillovers in the Eurozone.pdf:application/pdf}
}

@misc{_cran_????,
	title = {{如何选择最快的CRAN} {Mirror下载R包}? {\textbar} {BruceZhao}'s {Blog}},
	url = {https://brucezhaor.github.io/blog/2016/01/18/choose-cran-mirror/},
	urldate = {2016-03-07},
	file = {如何选择最快的CRAN Mirror下载R包? | BruceZhao's Blog:C\:\\Users\\Jason\\AppData\\Roaming\\Zotero\\Zotero\\Profiles\\0jev52w1.default\\zotero\\storage\\JRVRJ3XH\\choose-cran-mirror.html:text/html}
}

@article{chakrabarty_credit_2012,
	title = {Credit {Contagion} {Channels}: {Market} {Microstructure} {Evidence} from {Lehman} {Brothers}’ {Bankruptcy}},
	volume = {41},
	copyright = {© 2012 Financial Management Association International.},
	issn = {1755-053X},
	shorttitle = {Credit {Contagion} {Channels}},
	url = {http://onlinelibrary.wiley.com/doi/10.1111/j.1755-053X.2012.01194.x/abstract},
	doi = {10.1111/j.1755-053X.2012.01194.x},
	abstract = {Immediately after Lehman Brothers’ bankruptcy, many firms disclosed their financial exposure (or lack thereof) to Lehman. This offers a clean setting to test two credit contagion channels through which a financial firm's bankruptcy can affect other firms—“counterparty risk” and “information transmission” channels. Using market microstructure variables to measure the various dimensions of contagion effects, we provide robust evidence supporting the significance of counterparty risk. Firms with exposure to Lehman suffered more severe negative effects—wider bid-ask spread, higher price impact, greater information asymmetry, and greater selling pressure—than unexposed firms. We find mixed evidence regarding the information transmission hypothesis.},
	language = {en},
	number = {2},
	urldate = {2016-02-29},
	journal = {Financial Management},
	author = {Chakrabarty, Bidisha and Zhang, Gaiyan},
	month = jun,
	year = {2012},
	pages = {320--343},
	file = {Full Text PDF:C\:\\Users\\Jason\\AppData\\Roaming\\Zotero\\Zotero\\Profiles\\0jev52w1.default\\zotero\\storage\\P4QNQZSF\\Chakrabarty 和 Zhang - 2012 - Credit Contagion Channels Market Microstructure E.pdf:application/pdf;Snapshot:C\:\\Users\\Jason\\AppData\\Roaming\\Zotero\\Zotero\\Profiles\\0jev52w1.default\\zotero\\storage\\M8WU63HG\\abstract.html:text/html}
}

@article{acemoglu_network_2012-1,
	title = {The {Network} {Origins} of {Aggregate} {Fluctuations}},
	volume = {80},
	copyright = {© 2012 The Econometric Society},
	issn = {1468-0262},
	url = {http://onlinelibrary.wiley.com/doi/10.3982/ECTA9623/abstract},
	doi = {10.3982/ECTA9623},
	abstract = {This paper argues that, in the presence of intersectoral input–output linkages, microeconomic idiosyncratic shocks may lead to aggregate fluctuations. We show that, as the economy becomes more disaggregated, the rate at which aggregate volatility decays is determined by the structure of the network capturing such linkages. Our main results provide a characterization of this relationship in terms of the importance of different sectors as suppliers to their immediate customers, as well as their role as indirect suppliers to chains of downstream sectors. Such higher-order interconnections capture the possibility of “cascade effects” whereby productivity shocks to a sector propagate not only to its immediate downstream customers, but also to the rest of the economy. Our results highlight that sizable aggregate volatility is obtained from sectoral idiosyncratic shocks only if there exists significant asymmetry in the roles that sectors play as suppliers to others, and that the “sparseness” of the input–output matrix is unrelated to the nature of aggregate fluctuations.},
	language = {en},
	number = {5},
	urldate = {2016-03-02},
	journal = {Econometrica},
	author = {Acemoglu, Daron and Carvalho, Vasco M. and Ozdaglar, Asuman and Tahbaz-Salehi, Alireza},
	month = sep,
	year = {2012},
	keywords = {aggregate volatility, Business cycle, cascades, diversification, input–output linkages, intersectoral network},
	pages = {1977--2016},
	file = {Snapshot:C\:\\Users\\Jason\\AppData\\Roaming\\Zotero\\Zotero\\Profiles\\0jev52w1.default\\zotero\\storage\\DMRJNURB\\abstract.html:text/html}
}

@article{giesecke_correlated_2004,
	title = {Correlated default with incomplete information},
	volume = {28},
	issn = {03784266},
	url = {http://linkinghub.elsevier.com/retrieve/pii/S0378426603001298},
	doi = {10.1016/S0378-4266(03)00129-8},
	language = {en},
	number = {7},
	urldate = {2016-03-26},
	journal = {Journal of Banking \& Finance},
	author = {Giesecke, Kay},
	month = jul,
	year = {2004},
	pages = {1521--1545},
	file = {Correlated-default-with-incomplete-information_2004_Journal-of-Banking-Finance.pdf:C\:\\Users\\Jason\\AppData\\Roaming\\Zotero\\Zotero\\Profiles\\0jev52w1.default\\zotero\\storage\\HKN5QD7R\\Correlated-default-with-incomplete-information_2004_Journal-of-Banking-Finance.pdf:application/pdf}
}

@article{hausenblas_contagion_2015,
	title = {Contagion risk in the {Czech} financial system: {A} network analysis and simulation approach},
	volume = {39},
	issn = {09393625},
	shorttitle = {Contagion risk in the {Czech} financial system},
	url = {http://linkinghub.elsevier.com/retrieve/pii/S0939362515000047},
	doi = {10.1016/j.ecosys.2014.07.001},
	language = {en},
	number = {1},
	urldate = {2016-02-29},
	journal = {Economic Systems},
	author = {Hausenblas, Václav and Kubicová, Ivana and Lešanovská, Jitka},
	month = mar,
	year = {2015},
	pages = {156--180},
	file = {Contagion risk in the Czech financial system A network analysis and simulation approach.pdf:C\:\\Users\\Jason\\AppData\\Roaming\\Zotero\\Zotero\\Profiles\\0jev52w1.default\\zotero\\storage\\RPWFCRVQ\\Contagion risk in the Czech financial system A network analysis and simulation approach.pdf:application/pdf}
}

@article{_network_2012,
	title = {The {Network} {Origins} of {Aggregate} {Fluctuations}},
	volume = {80},
	issn = {0012-9682},
	url = {http://doi.wiley.com/10.3982/ECTA9623},
	doi = {10.3982/ECTA9623},
	language = {en},
	number = {5},
	urldate = {2016-03-02},
	journal = {Econometrica},
	year = {2012},
	pages = {1977--2016},
	file = {The Network Origins of Aggregate Fluctuations.pdf:C\:\\Users\\Jason\\AppData\\Roaming\\Zotero\\Zotero\\Profiles\\0jev52w1.default\\zotero\\storage\\FVQJT9WR\\The Network Origins of Aggregate Fluctuations.pdf:application/pdf}
}

@article{denbee_network_2011,
	title = {Network {Risk} and {Key} {Players}: {A} {Structural} {Analysis} of {Interbank} {Liquidity}},
	author = {Denbee, E. and Julliard, C. and Li, Y. and Yuan, K.},
	year = {2011},
	note = {mimeo}
}

@article{walti_stock_2011,
	title = {Stock market synchronization and monetary integration},
	volume = {30},
	issn = {02615606},
	url = {http://linkinghub.elsevier.com/retrieve/pii/S0261560610000896},
	doi = {10.1016/j.jimonfin.2010.07.004},
	language = {en},
	number = {1},
	urldate = {2016-03-26},
	journal = {Journal of International Money and Finance},
	author = {Wälti, Sébastien},
	month = feb,
	year = {2011},
	pages = {96--110},
	file = {Stock-market-synchronization-and-monetary-integration_2011_Journal-of-International-Money-and-Finance.pdf:C\:\\Users\\Jason\\AppData\\Roaming\\Zotero\\Zotero\\Profiles\\0jev52w1.default\\zotero\\storage\\P26IJI67\\Stock-market-synchronization-and-monetary-integration_2011_Journal-of-International-Money-and-Finance.pdf:application/pdf}
}

@article{wagner_diversification_2010-2,
	title = {Diversification at financial institutions and systemic crises},
	volume = {19},
	issn = {10429573},
	url = {http://linkinghub.elsevier.com/retrieve/pii/S1042957309000345},
	doi = {10.1016/j.jfi.2009.07.002},
	language = {en},
	number = {3},
	urldate = {2016-02-29},
	journal = {Journal of Financial Intermediation},
	author = {Wagner, Wolf},
	month = jul,
	year = {2010},
	pages = {373--386},
	file = {Diversification at financial institutions and systemic crises.pdf:C\:\\Users\\Jason\\AppData\\Roaming\\Zotero\\Zotero\\Profiles\\0jev52w1.default\\zotero\\storage\\4CCW55UK\\Diversification at financial institutions and systemic crises.pdf:application/pdf}
}

@article{wagner_diversification_2010-3,
	title = {Diversification at financial institutions and systemic crises},
	volume = {19},
	issn = {10429573},
	url = {http://linkinghub.elsevier.com/retrieve/pii/S1042957309000345},
	doi = {10.1016/j.jfi.2009.07.002},
	language = {en},
	number = {3},
	urldate = {2016-03-26},
	journal = {Journal of Financial Intermediation},
	author = {Wagner, Wolf},
	month = jul,
	year = {2010},
	pages = {373--386},
	file = {Diversification-at-financial-institutions-and-systemic-crises_2010_Journal-of-Financial-Intermediation.pdf:C\:\\Users\\Jason\\AppData\\Roaming\\Zotero\\Zotero\\Profiles\\0jev52w1.default\\zotero\\storage\\Q2IT3IIJ\\Diversification-at-financial-institutions-and-systemic-crises_2010_Journal-of-Financial-Intermediation.pdf:application/pdf}
}

@misc{_consolidating_????-2,
	title = {Consolidating {Data} from {Multiple} {Worksheets} into a {Summary} {Worksheet} in {Excel}},
	url = {https://msdn.microsoft.com/en-us/library/cc793964(v=office.12).aspx},
	urldate = {2016-03-13},
	file = {Consolidating Data from Multiple Worksheets into a Summary Worksheet in Excel:C\:\\Users\\Jason\\AppData\\Roaming\\Zotero\\Zotero\\Profiles\\0jev52w1.default\\zotero\\storage\\7KFGWZ8H\\cc793964(v=office.12).html:text/html}
}

@article{allen_networks_2009,
	title = {Networks in {Finance}, in {The} {Network} {Challenge}, edited by {P}},
	journal = {Kleindorfer and J. Wind, Wharton School Publishing},
	author = {Allen, F. and Babus, A.},
	year = {2009},
	pages = {367--82}
}

@article{acemoglu_systemic_2013-1,
	title = {Systemic {Risk} and {Stability} in {Financial} {Networks}},
	author = {Acemoglu, D. and Ozdaglar, A. and Tahbaz-Salehi, A.},
	year = {2013},
	note = {mimeo}
}

@article{ye_markov_2016,
	title = {Markov regime-switching quantile regression models and financial contagion detection},
	volume = {67},
	issn = {0167-6687},
	url = {http://www.sciencedirect.com/science/article/pii/S0167668715301013},
	doi = {10.1016/j.insmatheco.2015.11.002},
	abstract = {In this paper, we propose a Markov regime-switching quantile regression model, which considers the case where there may exist equilibria jumps in quantile regression. The parameters are estimated by the maximum likelihood estimation (MLE) method. A simulation study of this new model is conducted covering many scenarios. The simulation results show that the MLE method is efficient in estimating the model parameters. An empirical analysis is also provided, which focuses on the detection of financial crisis contagion between United States and some European Union countries during the period of sub-prime crisis from the angle of financial risk. The degree of financial contagion between markets is subsequently measured by utilizing the quantile regression coefficients. The empirical results show that in a crisis situation, the interdependence between United States and European Union countries dramatically increases.},
	urldate = {2016-03-22},
	journal = {Insurance: Mathematics and Economics},
	author = {Ye, Wuyi and Zhu, Yangguang and Wu, Yuehua and Miao, Baiqi},
	month = mar,
	year = {2016},
	keywords = {Financial contagion, Laplace distribution, Markov regime-switching, Quantile regression, Risk analysis},
	pages = {21--26},
	file = {ScienceDirect Full Text PDF:C\:\\Users\\Jason\\AppData\\Roaming\\Zotero\\Zotero\\Profiles\\0jev52w1.default\\zotero\\storage\\GISSRUWP\\Ye 等. - 2016 - Markov regime-switching quantile regression models.pdf:application/pdf;ScienceDirect Snapshot:C\:\\Users\\Jason\\AppData\\Roaming\\Zotero\\Zotero\\Profiles\\0jev52w1.default\\zotero\\storage\\RV36HPFQ\\S0167668715301013.html:text/html}
}

@article{goyal_structural_2007,
	title = {Structural holes in social networks},
	volume = {137},
	journal = {Journal of Economic Theory},
	author = {Goyal, S. and Vega-Redondo, F.},
	year = {2007},
	pages = {460--492}
}

@article{lucas_understanding_1977-1,
	title = {Understanding business cycles},
	volume = {5},
	url = {https://ideas.repec.org/a/eee/crcspp/v5y1977ip7-29.html},
	abstract = {No abstract is available for this item.},
	number = {1},
	urldate = {2016-03-07},
	journal = {Carnegie-Rochester Conference Series on Public Policy},
	author = {Lucas, Robert E.},
	year = {1977},
	pages = {7--29},
	file = {RePEc Snapshot:C\:\\Users\\Jason\\AppData\\Roaming\\Zotero\\Zotero\\Profiles\\0jev52w1.default\\zotero\\storage\\Z4MGZN9D\\v5y1977ip7-29.html:text/html}
}

@article{battiston_debtrank:too_2012,
	title = {{DebtRank}:{Too} {Central} to {Fail}? {Financial} {Networks}, the {FED} and {Systemic} {Risk}},
	volume = {2},
	journal = {Scientific Reports},
	author = {Battiston, S. and Puliga, M. and Kaushik, R. and Tasca, P. and Caldarelli, G.},
	year = {2012},
	pages = {541}
}

@article{blume_network_2011,
	title = {Network {Formation} in the {Presence} of {Contagious} {Risk}},
	journal = {Proc. 12th ACM Conference on Electronic Commerce},
	author = {Blume, L. and Easley, D. and Kleinberg, J. and Kleinberg, R. and Tardos, E.},
	year = {2011}
}

@article{kenourgios_financial_2011,
	title = {Financial crises and stock market contagion in a multivariate time-varying asymmetric framework},
	volume = {21},
	issn = {10424431},
	url = {http://linkinghub.elsevier.com/retrieve/pii/S104244311000051X},
	doi = {10.1016/j.intfin.2010.08.005},
	language = {en},
	number = {1},
	urldate = {2016-03-26},
	journal = {Journal of International Financial Markets, Institutions and Money},
	author = {Kenourgios, Dimitris and Samitas, Aristeidis and Paltalidis, Nikos},
	month = feb,
	year = {2011},
	pages = {92--106},
	file = {Financial crises and stock market contagion in a multivariate time-varying assymetric framework.pdf:C\:\\Users\\Jason\\AppData\\Roaming\\Zotero\\Zotero\\Profiles\\0jev52w1.default\\zotero\\storage\\RUMUP5ZR\\Financial crises and stock market contagion in a multivariate time-varying assymetric framework.pdf:application/pdf}
}

@article{iwata_simple_2011,
	title = {A simple population theory for mutualism by the use of lattice gas model},
	volume = {222},
	issn = {03043800},
	url = {http://linkinghub.elsevier.com/retrieve/pii/S0304380011002171},
	doi = {10.1016/j.ecolmodel.2011.04.009},
	language = {en},
	number = {13},
	urldate = {2016-03-22},
	journal = {Ecological Modelling},
	author = {Iwata, Shigehide and Kobayashi, Kazuyuki and Higa, Shinichiro and Yoshimura, Jin and Tainaka, Kei-ichi},
	month = jul,
	year = {2011},
	keywords = {Gambling Theory},
	pages = {2042--2048},
	file = {Iwat_jtb11.pdf:C\:\\Users\\Jason\\AppData\\Roaming\\Zotero\\Zotero\\Profiles\\0jev52w1.default\\zotero\\storage\\2AEFHTDX\\Iwat_jtb11.pdf:application/pdf}
}

@article{goldstein_contagion_2004-1,
	title = {Contagion of self-fulfilling financial crises due to diversification of investment portfolios},
	volume = {119},
	issn = {00220531},
	url = {http://linkinghub.elsevier.com/retrieve/pii/S0022053104000912},
	doi = {10.1016/j.jet.2004.03.004},
	language = {en},
	number = {1},
	urldate = {2016-02-29},
	journal = {Journal of Economic Theory},
	author = {Goldstein, Itay and Pauzner, Ady},
	month = nov,
	year = {2004},
	pages = {151--183},
	file = {Contagion of self-fulfilling financial crises due to diversification of investment portfolios.pdf:C\:\\Users\\Jason\\AppData\\Roaming\\Zotero\\Zotero\\Profiles\\0jev52w1.default\\zotero\\storage\\UAMSS86H\\Contagion of self-fulfilling financial crises due to diversification of investment portfolios.pdf:application/pdf}
}

@article{kalbaska_eurozone_2012,
	title = {Eurozone sovereign contagion: {Evidence} from the {CDS} market (2005–2010)},
	volume = {83},
	issn = {01672681},
	shorttitle = {Eurozone sovereign contagion},
	url = {http://linkinghub.elsevier.com/retrieve/pii/S0167268112001199},
	doi = {10.1016/j.jebo.2012.05.010},
	language = {en},
	number = {3},
	urldate = {2016-03-01},
	journal = {Journal of Economic Behavior \& Organization},
	author = {Kalbaska, A. and Gątkowski, M.},
	month = aug,
	year = {2012},
	pages = {657--673},
	file = {Eurozone-sovereign-contagion-Evidence-from-the-CDS-market-2005-2010-_2012_Journal-of-Economic-Behavior-Organization.pdf:C\:\\Users\\Jason\\AppData\\Roaming\\Zotero\\Zotero\\Profiles\\0jev52w1.default\\zotero\\storage\\GEUMZWG9\\Eurozone-sovereign-contagion-Evidence-from-the-CDS-market-2005-2010-_2012_Journal-of-Economic-Behavior-Organization.pdf:application/pdf}
}

@misc{_2015__????,
	title = {中国人口与就业统计年鉴2015\_百度学术},
	url = {http://xueshu.baidu.com/s?wd=%E4%B8%AD%E5%9B%BD%E4%BA%BA%E5%8F%A3%E4%B8%8E%E5%B0%B1%E4%B8%9A%E7%BB%9F%E8%AE%A1%E5%B9%B4%E9%89%B42015&rsv_bp=0&tn=SE_baiduxueshu_c1gjeupa&rsv_spt=3&ie=utf-8&f=8&rsv_sug2=0&sc_f_para=sc_tasktype%3D%7BfirstSimpleSearch%7D&rsv_n=2},
	urldate = {2016-03-19},
	file = {中国人口与就业统计年鉴2015_百度学术:C\:\\Users\\Jason\\AppData\\Roaming\\Zotero\\Zotero\\Profiles\\0jev52w1.default\\zotero\\storage\\GP2VQHC5\\s.html:text/html}
}

@misc{__????-2,
	title = {中国证券监督管理委员会},
	url = {http://www.csrc.gov.cn/pub/newsite/scb/ssgshyfljg/},
	urldate = {2016-03-02},
	file = {中国证券监督管理委员会:C\:\\Users\\Jason\\AppData\\Roaming\\Zotero\\Zotero\\Profiles\\0jev52w1.default\\zotero\\storage\\9ICFZN6G\\ssgshyfljg.html:text/html}
}

@article{montero_tsclust:_2014,
	title = {{TSclust}: {An} {R} {Package} for {Time} {Series} {Clustering}},
	shorttitle = {{TSclust}},
	url = {http://www.jstatsoft.org/article/view/v062i01/v62i01.pdf},
	urldate = {2016-03-18},
	journal = {Journal of},
	author = {Montero, Pablo and Vilar, José A.},
	year = {2014},
	file = {Full Text:C\:\\Users\\Jason\\AppData\\Roaming\\Zotero\\Zotero\\Profiles\\0jev52w1.default\\zotero\\storage\\BAN3UPGZ\\Montero 和 Vilar - 2014 - TSclust An R Package for Time Series Clustering.pdf:application/pdf}
}

@article{leitner_financial_2005-1,
	title = {Financial {Networks}: {Contagion}, {Commitment} and {Private} {Sector} {Bailouts}},
	volume = {60},
	journal = {Journal of Finance},
	author = {Leitner, Y.},
	year = {2005},
	pages = {2925--2953}
}

@misc{__????-3,
	title = {南风窗网 - 80后的“饭碗”之痒 - 2016年5期},
	url = {http://www.nfcmag.com/article/6295.html},
	urldate = {2016-03-24},
	file = {南风窗网 - 80后的“饭碗”之痒 - 2016年5期:C\:\\Users\\Jason\\AppData\\Roaming\\Zotero\\Zotero\\Profiles\\0jev52w1.default\\zotero\\storage\\86UA9F6U\\6295.html:text/html}
}

@misc{__????-4,
	title = {南风窗网 - 依然需要用人的“用人单位” - 2016年5期},
	url = {http://www.nfcmag.com/article/6299.html},
	urldate = {2016-03-24},
	file = {南风窗网 - 依然需要用人的“用人单位” - 2016年5期:C\:\\Users\\Jason\\AppData\\Roaming\\Zotero\\Zotero\\Profiles\\0jev52w1.default\\zotero\\storage\\5GQU2QQR\\6299.html:text/html}
}

@article{chan-lau_extreme_2004-1,
	title = {Extreme contagion in equity markets},
	url = {http://www.jstor.org/stable/30035880},
	urldate = {2016-02-29},
	journal = {IMF staff papers},
	author = {Chan-Lau, Jorge A. and Mathieson, Donald J. and Yao, James Y.},
	year = {2004},
	pages = {386--408},
	file = {Extreme Contagion in Equity Markets.pdf:C\:\\Users\\Jason\\AppData\\Roaming\\Zotero\\Zotero\\Profiles\\0jev52w1.default\\zotero\\storage\\KG47NSFI\\Extreme Contagion in Equity Markets.pdf:application/pdf}
}

@article{allen_credit_2006-1,
	title = {Credit risk transfer and contagion},
	volume = {53},
	issn = {03043932},
	url = {http://linkinghub.elsevier.com/retrieve/pii/S0304393205001492},
	doi = {10.1016/j.jmoneco.2005.10.004},
	language = {en},
	number = {1},
	urldate = {2016-02-29},
	journal = {Journal of Monetary Economics},
	author = {Allen, Franklin and Carletti, Elena},
	month = jan,
	year = {2006},
	pages = {89--111},
	file = {Credit risk transfer and contagion.pdf:C\:\\Users\\Jason\\AppData\\Roaming\\Zotero\\Zotero\\Profiles\\0jev52w1.default\\zotero\\storage\\FD47J4RH\\Credit risk transfer and contagion.pdf:application/pdf}
}

@article{kroszner_is_1994,
	title = {Is the {Glass}-{Steagall} {Act} {Justified}?{A} {Study} of the {U}.{S}. {Experience} with {Universal} {Banking} {Before} 1933},
	volume = {84},
	journal = {The American Economic Review},
	author = {Kroszner, R. S. and Rajan, R. G.},
	year = {1994},
	pages = {810--832}
}

@misc{webexpedition18_sublime_????,
	title = {Sublime {Text} 使用 {CTeX} 中 {XeTeX} 进行编译 {\textbar} {YUE}'s {Notes}},
	url = {http://blog.yuelong.info/post/sublime-text-xetex-latex.html},
	urldate = {2016-03-26},
	author = {{WebExpedition18}}
}

@misc{_wind_????,
	title = {{WIND旧版证监会指数编制方案}},
	url = {http://180.96.8.19/windnet/Bulletin/express/Wind_Indices_Methodology_200503.pdf},
	urldate = {2016-03-10},
	file = {:C\:\\Users\\Jason\\AppData\\Roaming\\Zotero\\Zotero\\Profiles\\0jev52w1.default\\zotero\\storage\\WXQRVI9W\\Wind_Indices_Methodology_200503.html:text/html}
}

@article{__2015,
	title = {{上海证券市场A股股票网络复杂特性分析}},
	issn = {1006-1037},
	url = {http://www.cnki.net/KCMS/detail/detail.aspx?QueryID=0&CurRec=9&recid=&filename=QDDD201501014&dbname=CJFDLAST2015&dbcode=CJFQ&pr=&urlid=&yx=&uid=WEEvREcwSlJHSldTTGJhYkdINjdHaElONnk5WWxtU200MzZaRU15dkdPRzlOV1FnSkhSK0VrbStPUUp5UEp5QmFPUT0=$9A4hF_YAuvQ5obgVAqNKPCYcEjKensW4IQMovwHtwkF4VYPoHbKxJw!!&v=MDkwNDBGckNVUkx5ZlpPUnNGaS9uVnJ6UE5DblBhckc0SDlUTXJvOUVZSVI4ZVgxTHV4WVM3RGgxVDNxVHJXTTE=},
	abstract = {以上海A股市场2013年4月到2014年4月持续交易的股票为节点,以股票价格波动相关性为连边,分别建立了无向无权的股票网络和有向无权股票网络。分析无向无权股票网络的聚类系数和度分布等网络拓扑特性,发现无向股票网络具有小世界效应和无标度特性。通过划分网络的社团结构,分析社团中股票行业分类,发现了具有同涨同跌关系的股票子集和股票市场中股票价格同涨同跌的关联机制。有向无权股票网络能够体现股票间价格波动的迟滞关系,分析发现股票相互影响是有方向的,而且网络中出度大的节点占有核心地位能够影响与它相连的股票价格的波动。},
	language = {中文;},
	number = {01},
	urldate = {2016-03-22},
	journal = {青岛大学学报(自然科学版)},
	author = {宋, 宜飞 and 邵, 峰晶 and 孙, 仁诚},
	year = {2015},
	keywords = {聚类系数, 社团结构, 无向无权, 小世界效应, 有向有权, clustering coefficient, small world effect, unweighted-undirected community structure},
	pages = {53--60},
	file = {上海证券市场A股股票网络复杂特性分析_宋宜飞.pdf:C\:\\Users\\Jason\\AppData\\Roaming\\Zotero\\Zotero\\Profiles\\0jev52w1.default\\zotero\\storage\\7QPRV4F3\\上海证券市场A股股票网络复杂特性分析_宋宜飞.pdf:application/pdf}
}

@misc{_how_????-2,
	title = {How do {I} find the edges of a vertex using igraph and {R}? - {Stack} {Overflow}},
	shorttitle = {How do {I} find the edges of a vertex using igraph and {R}?},
	url = {http://stackoverflow.com/questions/3305669/how-do-i-find-the-edges-of-a-vertex-using-igraph-and-r},
	urldate = {2016-03-19},
	file = {Snapshot:C\:\\Users\\Jason\\AppData\\Roaming\\Zotero\\Zotero\\Profiles\\0jev52w1.default\\zotero\\storage\\QVU6GVM4\\how-do-i-find-the-edges-of-a-vertex-using-igraph-and-r.html:text/html}
}

@misc{_monte_2015,
	title = {Monte {Carlo} {K}-{Means} {Clustering} of {Countries}},
	url = {http://www.turingfinance.com/clustering-countries-real-gdp-growth-part2/},
	abstract = {This post produces a clustering of countries based on socioeconomic indicators that drive GDP Growth. Clustering can help identify attractive investments.},
	urldate = {2016-03-18},
	journal = {Turing Finance},
	month = feb,
	year = {2015}
}

@techreport{acemoglu_microeconomic_2015,
	type = {Working {Paper}},
	title = {Microeconomic {Origins} of {Macroeconomic} {Tail} {Risks}},
	url = {http://www.nber.org/papers/w20865},
	abstract = {We document that even though the normal distribution provides a good approximation to GDP fluctuations, it severely underpredicts “macroeconomic tail risks,” that is, the frequency of large economic downturns. Using a multi-sector general equilibrium model, we show that the interplay of idiosyncratic microeconomic shocks and sectoral heterogeneity results in systematic departures in the likelihood of large economic downturns relative to what is implied by the normal distribution. Notably, we also show that such departures can happen while GDP is approximately normally distributed away from the tails, highlighting the qualitatively different behavior of large economic downturns from small or moderate fluctuations. We further demonstrate the special role that input-output linkages play in generating “tail comovements,” whereby large recessions involve not only significant GDP contractions, but also large simultaneous declines across a wide range of sectors.},
	number = {20865},
	urldate = {2016-03-10},
	institution = {National Bureau of Economic Research},
	author = {Acemoglu, Daron and Ozdaglar, Asuman and Tahbaz-Salehi, Alireza},
	month = jan,
	year = {2015},
	file = {NBER Full Text PDF:C\:\\Users\\Jason\\AppData\\Roaming\\Zotero\\Zotero\\Profiles\\0jev52w1.default\\zotero\\storage\\9T5H2QFG\\Acemoglu 等. - 2015 - Microeconomic Origins of Macroeconomic Tail Risks.pdf:application/pdf}
}

@misc{_convert_????,
	title = {Convert {PDF} {Table} to {Excel}, {PDF} to {XLS}},
	url = {https://pdftables.com/},
	abstract = {Effortlessly convert your PDF Table to Excel online here, quickly convert any PDF to XLS for free. Seamless and hassle-free - why not give it a try now?},
	urldate = {2016-03-10},
	journal = {PDF Tables},
	file = {Snapshot:C\:\\Users\\Jason\\AppData\\Roaming\\Zotero\\Zotero\\Profiles\\0jev52w1.default\\zotero\\storage\\AJXSV6UT\\pdftables.com.html:text/html}
}

@article{lara_dynamics_2012,
	title = {Dynamics of transitions in population interactions},
	volume = {13},
	issn = {14681218},
	url = {http://linkinghub.elsevier.com/retrieve/pii/S1468121811002987},
	doi = {10.1016/j.nonrwa.2011.10.004},
	language = {en},
	number = {3},
	urldate = {2016-03-22},
	journal = {Nonlinear Analysis: Real World Applications},
	author = {Lara, Teodoro and Rebaza, Jorge},
	month = jun,
	year = {2012},
	keywords = {Gambling Theory},
	pages = {1268--1277},
	file = {Lara_NA11.pdf:C\:\\Users\\Jason\\AppData\\Roaming\\Zotero\\Zotero\\Profiles\\0jev52w1.default\\zotero\\storage\\CM8X8A6U\\Lara_NA11.pdf:application/pdf}
}

@article{rodriguez-moreno_systemic_2013,
	title = {Systemic risk measures: {The} simpler the better?},
	volume = {37},
	issn = {03784266},
	shorttitle = {Systemic risk measures},
	url = {http://linkinghub.elsevier.com/retrieve/pii/S0378426612001902},
	doi = {10.1016/j.jbankfin.2012.07.010},
	language = {en},
	number = {6},
	urldate = {2016-03-01},
	journal = {Journal of Banking \& Finance},
	author = {Rodríguez-Moreno, María and Peña, Juan Ignacio},
	month = jun,
	year = {2013},
	pages = {1817--1831},
	file = {Systemic-risk-measures-The-simpler-the-better-_2013_Journal-of-Banking-Finance.pdf:C\:\\Users\\Jason\\AppData\\Roaming\\Zotero\\Zotero\\Profiles\\0jev52w1.default\\zotero\\storage\\6PPXHWHV\\Systemic-risk-measures-The-simpler-the-better-_2013_Journal-of-Banking-Finance.pdf:application/pdf}
}

@article{acharya_measuring_2010,
	title = {Measuring {Systemic} {Risk}},
	author = {Acharya, V. V. and Pedersen, L. H. and Philippon, Thomas and Richardson, Matthew},
	year = {2010},
	note = {mimeo}
}

@misc{_how_????-3,
	title = {How to read all worksheets in an {Excel} {Workbook} into an {R} list with data.frame elements using {XLConnect}? - {Stack} {Overflow}},
	shorttitle = {How to read all worksheets in an {Excel} {Workbook} into an {R} list with data.frame elements using {XLConnect}?},
	url = {http://stackoverflow.com/questions/12945687/how-to-read-all-worksheets-in-an-excel-workbook-into-an-r-list-with-data-frame-e},
	urldate = {2016-03-13}
}

@article{giesecke_cyclical_2004,
	title = {Cyclical correlations, credit contagion, and portfolio losses},
	volume = {28},
	issn = {03784266},
	url = {http://linkinghub.elsevier.com/retrieve/pii/S037842660300284X},
	doi = {10.1016/j.jbankfin.2003.11.002},
	language = {en},
	number = {12},
	urldate = {2016-03-26},
	journal = {Journal of Banking \& Finance},
	author = {Giesecke, Kay and Weber, Stefan},
	month = dec,
	year = {2004},
	pages = {3009--3036},
	file = {Cyclical correlations, credit contagion and portfolio losses.pdf:C\:\\Users\\Jason\\AppData\\Roaming\\Zotero\\Zotero\\Profiles\\0jev52w1.default\\zotero\\storage\\JDZF8F9V\\Cyclical correlations, credit contagion and portfolio losses.pdf:application/pdf}
}

@article{burres_homeomorphism_1994,
	title = {Homeomorphism between {Leontief} and {Cobb}-{Douglas} input-output models},
	volume = {44},
	url = {http://www.sciencedirect.com/science/article/pii/016517659300307A},
	number = {1},
	urldate = {2016-03-04},
	journal = {Economics Letters},
	author = {Burres, David},
	year = {1994},
	pages = {49--53},
	file = {理解商业周期.pdf:C\:\\Users\\Jason\\AppData\\Roaming\\Zotero\\Zotero\\Profiles\\0jev52w1.default\\zotero\\storage\\3E6QIBKD\\理解商业周期.pdf:application/pdf;Snapshot:C\:\\Users\\Jason\\AppData\\Roaming\\Zotero\\Zotero\\Profiles\\0jev52w1.default\\zotero\\storage\\3MVR6PVK\\016517659300307A.html:text/html}
}

@article{nicolo_bank_2004-1,
	title = {Bank {Consolidation}, {Internationalization}, and {Conglomeration}: {Trends} and {Implications} for {Financial} {Risk}},
	volume = {13},
	issn = {0963-8008, 1468-0416},
	shorttitle = {Bank {Consolidation}, {Internationalization}, and {Conglomeration}},
	url = {http://doi.wiley.com/10.1111/j.0963-8008.2004.00076.x},
	doi = {10.1111/j.0963-8008.2004.00076.x},
	language = {en},
	number = {4},
	urldate = {2016-02-29},
	journal = {Financial Markets, Institutions and Instruments},
	author = {Nicolo, Gianni De and Bartholomew, Philip and Zaman, Jahanara and Zephirin, Mary},
	month = oct,
	year = {2004},
	pages = {173--217},
	file = {Bank Consolidation, Internationalization, and Conglomeration_ Trends and Implications for Financial Risk - Nicoló - 2004 - Financial Markets, Institutions & Instruments - Wiley Online Library.pdf:C\:\\Users\\Jason\\AppData\\Roaming\\Zotero\\Zotero\\Profiles\\0jev52w1.default\\zotero\\storage\\PFX4MID7\\Bank Consolidation, Internationalization, and Conglomeration_ Trends and Implications for Financial Risk - Nicoló - 2004 - Financial Markets, Instituti.pdf:application/pdf}
}

@article{kyle_contagion_2001-1,
	title = {Contagion as a wealth effect},
	volume = {56},
	url = {http://onlinelibrary.wiley.com/doi/10.1111/0022-1082.00373/full},
	number = {4},
	urldate = {2016-03-26},
	journal = {The Journal of Finance},
	author = {Kyle, Albert S. and Xiong, Wei},
	year = {2001},
	pages = {1401--1440},
	file = {Contagion as a wealth effect - Journal of Finance -2001.pdf:C\:\\Users\\Jason\\AppData\\Roaming\\Zotero\\Zotero\\Profiles\\0jev52w1.default\\zotero\\storage\\KI3BMS52\\Contagion as a wealth effect - Journal of Finance -2001.pdf:application/pdf}
}

@misc{_mit_????,
	title = {{MIT} {Economics} : {Daron} {Acemoglu}},
	url = {http://economics.mit.edu/faculty/acemoglu/data},
	urldate = {2016-03-02},
	file = {MIT Economics \: Daron Acemoglu:C\:\\Users\\Jason\\AppData\\Roaming\\Zotero\\Zotero\\Profiles\\0jev52w1.default\\zotero\\storage\\V88QFRZC\\data.html:text/html}
}

@article{kang_mathematical_2011,
	title = {Mathematical modeling on obligate mutualism: {Interactions} between leaf-cutter ants and their fungus garden},
	volume = {289},
	issn = {00225193},
	shorttitle = {Mathematical modeling on obligate mutualism},
	url = {http://linkinghub.elsevier.com/retrieve/pii/S0022519311004309},
	doi = {10.1016/j.jtbi.2011.08.027},
	language = {en},
	urldate = {2016-03-22},
	journal = {Journal of Theoretical Biology},
	author = {Kang, Yun and Clark, Rebecca and Makiyama, Michael and Fewell, Jennifer},
	month = nov,
	year = {2011},
	keywords = {Gambling Theory},
	pages = {116--127},
	file = {Kang_jtb11.pdf:C\:\\Users\\Jason\\AppData\\Roaming\\Zotero\\Zotero\\Profiles\\0jev52w1.default\\zotero\\storage\\SWFQ4AH5\\Kang_jtb11.pdf:application/pdf}
}

@misc{__????-5,
	title = {中文参考文献乱码 - {TeX}/{LaTeX} 求助区 - {CTEX社区} - {Powered} by {Discuz}!},
	url = {http://bbs.ctex.org/forum.php?mod=viewthread&tid=71645},
	urldate = {2016-03-23},
	file = {中文参考文献乱码 - TeX/LaTeX 求助区 - CTEX社区 - Powered by Discuz!:C\:\\Users\\Jason\\AppData\\Roaming\\Zotero\\Zotero\\Profiles\\0jev52w1.default\\zotero\\storage\\5Q7EAXFW\\forum.html:text/html}
}

@article{georg_effect_2013,
	title = {The effect of the interbank network structure on contagion and common shocks},
	volume = {37},
	issn = {0378-4266},
	url = {http://www.sciencedirect.com/science/article/pii/S0378426613001295},
	doi = {10.1016/j.jbankfin.2013.02.032},
	abstract = {This paper proposes a dynamic multi-agent model of a banking system with central bank. Banks optimize a portfolio of risky investments and riskless excess reserves according to their risk, return, and liquidity preferences. They are linked via interbank loans and face stochastic deposit supply. Comparing different interbank network structures, it is shown that money-centre networks are more stable than random networks. Evidence is provided that the central bank stabilizes interbank markets in the short run only. Systemic risk via contagion is compared with common shocks and it is shown that both forms of systemic risk require different optimal policy responses.},
	number = {7},
	urldate = {2016-02-29},
	journal = {Journal of Banking \& Finance},
	author = {Georg, Co-Pierre},
	month = jul,
	year = {2013},
	keywords = {Common shocks, Contagion, Multi-agent simulation, Systemic risk},
	pages = {2216--2228},
	file = {ScienceDirect Full Text PDF:C\:\\Users\\Jason\\AppData\\Roaming\\Zotero\\Zotero\\Profiles\\0jev52w1.default\\zotero\\storage\\5TB5XTN5\\Georg - 2013 - The effect of the interbank network structure on c.pdf:application/pdf;ScienceDirect Snapshot:C\:\\Users\\Jason\\AppData\\Roaming\\Zotero\\Zotero\\Profiles\\0jev52w1.default\\zotero\\storage\\45WHRWTU\\S0378426613001295.html:text/html}
}

@article{forbes_no_2002-1,
	title = {No contagion, only interdependence: measuring stock market comovements},
	volume = {57},
	shorttitle = {No contagion, only interdependence},
	url = {http://onlinelibrary.wiley.com/doi/10.1111/0022-1082.00494/full},
	number = {5},
	urldate = {2016-02-29},
	journal = {The journal of Finance},
	author = {Forbes, Kristin J. and Rigobon, Roberto},
	year = {2002},
	pages = {2223--2261},
	file = {No Contagion, Only Interdependence Measuring Stock Comovements.pdf:C\:\\Users\\Jason\\AppData\\Roaming\\Zotero\\Zotero\\Profiles\\0jev52w1.default\\zotero\\storage\\UXKWCP8U\\No Contagion, Only Interdependence Measuring Stock Comovements.pdf:application/pdf}
}

@misc{_pptnetworks:_????,
	title = {({PPT}){Networks}: {Propagation} of {Shocks} over {Economic} {Networks}},
	url = {http://economics.mit.edu/files/9790},
	urldate = {2016-03-10},
	file = {:C\:\\Users\\Jason\\AppData\\Roaming\\Zotero\\Zotero\\Profiles\\0jev52w1.default\\zotero\\storage\\J94R36NG\\9790.html:text/html}
}

@article{leitner_financial_2005-2,
	title = {Financial networks: {Contagion}, commitment, and private sector bailouts},
	volume = {60},
	shorttitle = {Financial networks},
	url = {http://onlinelibrary.wiley.com/doi/10.1111/j.1540-6261.2005.00821.x/full},
	number = {6},
	urldate = {2016-03-26},
	journal = {The Journal of Finance},
	author = {Leitner, Yaron},
	year = {2005},
	pages = {2925--2953},
	file = {Financial Networks Contagion, Commitment and Private Sector Bailouts - Journal of Finance -2005.pdf:C\:\\Users\\Jason\\AppData\\Roaming\\Zotero\\Zotero\\Profiles\\0jev52w1.default\\zotero\\storage\\WZF67TJ9\\Financial Networks Contagion, Commitment and Private Sector Bailouts - Journal of Finance -2005.pdf:application/pdf}
}

@techreport{atalay_how_2014,
	address = {Rochester, NY},
	type = {{SSRN} {Scholarly} {Paper}},
	title = {How {Important} are {Sectoral} {Shocks}?},
	url = {http://papers.ssrn.com/abstract=2523424},
	abstract = {I quantify the contribution of sectoral shocks to business cycle fluctuations in aggregate output. I develop a multi-industry general equilibrium model in which each industry employs the material and capital goods produced by other sectors, and then estimate this model using data on U.S. industries sales, output prices, and input choices. Maximum likelihood estimates indicate that industry-specific shocks account for nearly two-thirds of the volatility of aggregate output, substantially larger than previously assessed. Identification of the relative importance of industry-specific shocks comes primarily from data on industries intermediate input purchases, data that earlier estimations of multi-industry models have ignored.},
	number = {ID 2523424},
	urldate = {2016-03-07},
	institution = {Social Science Research Network},
	author = {Atalay, Enghin},
	month = sep,
	year = {2014},
	keywords = {Enghin  Atalay, How Important are Sectoral Shocks?, SSRN},
	file = {Snapshot:C\:\\Users\\Jason\\AppData\\Roaming\\Zotero\\Zotero\\Profiles\\0jev52w1.default\\zotero\\storage\\7MHKZIIA\\papers.html:text/html}
}

@article{diebold_measuring_2009,
	title = {Measuring {Financial} {Asset} {Return} and {Volatility} {Spillovers}, with {Application} to {Global} {Equity} {Markets}.},
	volume = {119},
	journal = {Economic Journal},
	author = {Diebold, F. X. and Yilmaz, K.},
	year = {2009},
	pages = {158--171}
}

@article{khashman_neural_2010,
	title = {Neural networks for credit risk evaluation: {Investigation} of different neural models and learning schemes},
	volume = {37},
	issn = {09574174},
	shorttitle = {Neural networks for credit risk evaluation},
	url = {http://linkinghub.elsevier.com/retrieve/pii/S0957417410001405},
	doi = {10.1016/j.eswa.2010.02.101},
	language = {en},
	number = {9},
	urldate = {2016-03-26},
	journal = {Expert Systems with Applications},
	author = {Khashman, Adnan},
	month = sep,
	year = {2010},
	pages = {6233--6239},
	file = {Neural-networks-for-credit-risk-evaluation-Investigation-of-different-neural-models-and-learning-schemes_2010_Expert-Systems-with-Applications.pdf:C\:\\Users\\Jason\\AppData\\Roaming\\Zotero\\Zotero\\Profiles\\0jev52w1.default\\zotero\\storage\\WK8HRNT4\\Neural-networks-for-credit-risk-evaluation-Investigation-of-different-neural-models-and-learning-schemes_2010_Expert-Systems-with-Applications.pdf:application/pdf}
}

@misc{_bea_????-1,
	title = {{BEA} : {Benchmark} {Input}-{Output} {Data}},
	url = {http://www.bea.gov/industry/io_benchmark.htm},
	urldate = {2016-03-03},
	file = {BEA \: Benchmark Input-Output Data:C\:\\Users\\Jason\\AppData\\Roaming\\Zotero\\Zotero\\Profiles\\0jev52w1.default\\zotero\\storage\\XTCHS3ZX\\io_benchmark.html:text/html}
}

@article{arnott_cluster_1980,
	title = {Cluster {Analysis} and {Stock} {Price} {Comovement}},
	volume = {36},
	issn = {0015-198X},
	url = {http://www.jstor.org/stable/4478401},
	abstract = {By far the most important part of the correlation between stock price movements is explained by the effects of broad market movements. On the other hand, a model based only on overall market betas would predict a higher correlation between GM and AT\&T than between GM and Ford. The author develops five clusters of stocks corresponding to major extra-market factors, monitoring the explanatory power of each cluster statistically to determine the point in the clustering process at which the value of a cluster as a descriptor of extra-market stock price movement peaks. The clustering process terminates when clusters begin to be diluted by irrelevant stocks--for example, at the point where food companies join the utilities cluster. The explanatory power of the resulting clusters for the evaluation of extra-market risk represents better than a 30 per cent improvement over the single-index model. The clusters embody important fundamental characteristics. The utilities cluster is dominated by interest rate sensitivity, while the cyclical cluster is strongly influenced by the economic outlook. Thus, although factor betas change over time, they are actually more stable than market betas. The multiple factor risk model can be applied to stock classification, portfolio optimization and performance measurement, where, for example, its use simply eliminates the pesky benchmark selection problem.},
	number = {6},
	urldate = {2016-03-22},
	journal = {Financial Analysts Journal},
	author = {Arnott, Robert D.},
	year = {1980},
	pages = {56--62}
}

@misc{_rise_????,
	title = {The rise of {China} and the future of {US} manufacturing},
	url = {http://www.voxeu.org/article/rise-china-and-future-us-manufacturing},
	abstract = {Manufacturing in the US has rebounded after the Great Recession, but employment levels have not recovered from their steep decline in the decade before the recession. This column examines to what extent the sector’s fall is a result of the rise of China. The authors estimate direct effects of import competition from China, as well as labour market and buyer-seller indirect effects that operate at the local level. China’s impact has been strong, and employment in US manufacturing is unlikely to recover.},
	urldate = {2016-03-08},
	journal = {VoxEU.org},
	file = {voxEU snapshot:C\:\\Users\\Jason\\AppData\\Roaming\\Zotero\\Zotero\\Profiles\\0jev52w1.default\\zotero\\storage\\G47PUZQF\\rise-china-and-future-us-manufacturing.html:text/html}
}

@article{hausenblas_contagion_2015-1,
	title = {Contagion risk in the {Czech} financial system: {A} network analysis and simulation approach},
	volume = {39},
	issn = {09393625},
	shorttitle = {Contagion risk in the {Czech} financial system},
	url = {http://linkinghub.elsevier.com/retrieve/pii/S0939362515000047},
	doi = {10.1016/j.ecosys.2014.07.001},
	language = {en},
	number = {1},
	urldate = {2016-03-26},
	journal = {Economic Systems},
	author = {Hausenblas, Václav and Kubicová, Ivana and Lešanovská, Jitka},
	month = mar,
	year = {2015},
	pages = {156--180},
	file = {Contagion risk in the Czech financial system A network analysis and simulation approach.pdf:C\:\\Users\\Jason\\AppData\\Roaming\\Zotero\\Zotero\\Profiles\\0jev52w1.default\\zotero\\storage\\GTQ8T3UI\\Contagion risk in the Czech financial system A network analysis and simulation approach.pdf:application/pdf}
}

@article{rodriguez_measuring_2007-1,
	title = {Measuring financial contagion: {A} {Copula} approach},
	volume = {14},
	issn = {09275398},
	shorttitle = {Measuring financial contagion},
	url = {http://linkinghub.elsevier.com/retrieve/pii/S0927539806000582},
	doi = {10.1016/j.jempfin.2006.07.002},
	language = {en},
	number = {3},
	urldate = {2016-03-26},
	journal = {Journal of Empirical Finance},
	author = {Rodriguez, Juan Carlos},
	month = jun,
	year = {2007},
	pages = {401--423},
	file = {Measuring financial contagion A Copula approach.pdf:C\:\\Users\\Jason\\AppData\\Roaming\\Zotero\\Zotero\\Profiles\\0jev52w1.default\\zotero\\storage\\93Q85J6B\\Measuring financial contagion A Copula approach.pdf:application/pdf}
}

@article{carvalho_aggregate_2007,
	title = {Aggregate fluctuations and the network structure of intersectoral trade},
	copyright = {L'accés als continguts d'aquest document queda condicionat a l'acceptació de les condicions d'ús establertes per la següent llicència Creative Commons},
	url = {http://repositori.upf.edu/handle/10230/6053},
	abstract = {This paper analyzes the flow of intermediate inputs across sectors by adopting a network 
perspective on sectoral interactions. I apply these tools to show how fluctuations
in aggregate economic activity can be obtained from independent shocks to individual
sectors. First, I characterize the network structure of input trade in the U.S. On the
demand side, a typical sector relies on a small number of key inputs and sectors are
homogeneous in this respect. However, in their role as input-suppliers sectors do differ:
many specialized input suppliers coexist alongside general purpose sectors functioning
as hubs to the economy. I then develop a model of intersectoral linkages that can reproduce 
these connectivity features. In a standard multisector setup, I use this model
to provide analytical expressions linking aggregate volatility to the network structure
of input trade. I show that the presence of sectoral hubs - by coupling production
decisions across sectors - leads to fluctuations in aggregates.},
	language = {eng},
	urldate = {2016-03-08},
	author = {Carvalho, Vasco},
	month = nov,
	year = {2007},
	file = {Full Text PDF:C\:\\Users\\Jason\\AppData\\Roaming\\Zotero\\Zotero\\Profiles\\0jev52w1.default\\zotero\\storage\\AW5AC6JT\\Carvalho - 2007 - Aggregate fluctuations and the network structure o.pdf:application/pdf;Snapshot:C\:\\Users\\Jason\\AppData\\Roaming\\Zotero\\Zotero\\Profiles\\0jev52w1.default\\zotero\\storage\\WBV2KUDX\\Carvalho - 2007 - Aggregate fluctuations and the network structure o.html:text/html}
}

@article{atalay_how_2014-1,
	title = {How important are sectoral shocks?},
	url = {http://papers.ssrn.com/sol3/papers.cfm?abstract_id=2523424},
	urldate = {2016-03-07},
	journal = {US Census Bureau Center for Economic Studies Paper No. CES-WP-14-31},
	author = {Atalay, Enghin},
	year = {2014},
	file = {Snapshot:C\:\\Users\\Jason\\AppData\\Roaming\\Zotero\\Zotero\\Profiles\\0jev52w1.default\\zotero\\storage\\FAHXTG42\\papers.html:text/html}
}

@misc{_cobbdouglas_2016,
	title = {Cobb–{Douglas} production function},
	copyright = {Creative Commons Attribution-ShareAlike License},
	url = {https://en.wikipedia.org/w/index.php?title=Cobb%E2%80%93Douglas_production_function&oldid=703633699},
	abstract = {In economics, the Cobb–Douglas production function is a particular functional form of the production function, widely used to represent the technological relationship between the amounts of two or more inputs, particularly physical capital and labor, and the amount of output that can be produced by those inputs. Sometimes the term has a more restricted meaning, requiring that the function display constant returns to scale (in which case  in the formula below). The Cobb-Douglas form was developed and tested against statistical evidence by Charles Cobb and Paul Douglas during 1927–1947.},
	language = {en},
	urldate = {2016-03-10},
	journal = {Wikipedia, the free encyclopedia},
	month = feb,
	year = {2016},
	note = {Page Version ID: 703633699},
	file = {Snapshot:C\:\\Users\\Jason\\AppData\\Roaming\\Zotero\\Zotero\\Profiles\\0jev52w1.default\\zotero\\storage\\7DA5TASN\\index.html:text/html}
}

@article{upper_simulation_2011,
	title = {Simulation methods to assess the danger of contagion in interbank markets},
	volume = {7},
	issn = {1572-3089},
	url = {http://www.sciencedirect.com/science/article/pii/S1572308910000550},
	doi = {10.1016/j.jfs.2010.12.001},
	abstract = {Researchers increasingly turn to counterfactual simulations to estimate the danger of contagion owing to exposures in the interbank loan market. This paper summarises the findings of such simulations, provides a critical assessment of the modelling assumptions on which they are based, and discusses their use in financial stability analysis. On the whole, such simulations suggest that contagious defaults are unlikely but cannot be fully ruled out, at least in some countries. If contagion does take place, then it could lead to the breakdown of a substantial fraction of the banking system, thus imposing high costs to society. However, when interpreting these results, one has to bear in mind the potential bias caused by the very strong assumptions underlying the simulations. Robustness tests indicate that the models might be able to correctly predict whether or not contagion could be an issue and, possibly, also identify banks whose failure could give rise to contagion. They are, however, less suited for stress testing or for the analysis of policy options in crises, primarily due to their lack of behavioural foundations.},
	number = {3},
	urldate = {2016-02-29},
	journal = {Journal of Financial Stability},
	author = {Upper, Christian},
	month = aug,
	year = {2011},
	keywords = {Contagion, Domino effects, Interbank lending, Systemic risk},
	pages = {111--125},
	file = {ScienceDirect Full Text PDF:C\:\\Users\\Jason\\AppData\\Roaming\\Zotero\\Zotero\\Profiles\\0jev52w1.default\\zotero\\storage\\G3PV7GNU\\Upper - 2011 - Simulation methods to assess the danger of contagi.pdf:application/pdf;ScienceDirect Snapshot:C\:\\Users\\Jason\\AppData\\Roaming\\Zotero\\Zotero\\Profiles\\0jev52w1.default\\zotero\\storage\\IPFWWQG3\\Upper - 2011 - Simulation methods to assess the danger of contagi.html:text/html}
}

@article{giesecke_credit_2006-1,
	title = {Credit contagion and aggregate losses},
	volume = {30},
	issn = {01651889},
	url = {http://linkinghub.elsevier.com/retrieve/pii/S0165188905000618},
	doi = {10.1016/j.jedc.2005.01.004},
	language = {en},
	number = {5},
	urldate = {2016-03-26},
	journal = {Journal of Economic Dynamics and Control},
	author = {Giesecke, Kay and Weber, Stefan},
	month = may,
	year = {2006},
	pages = {741--767},
	file = {Credit-contagion-and-aggregate-losses_2006_Journal-of-Economic-Dynamics-and-Control.pdf:C\:\\Users\\Jason\\AppData\\Roaming\\Zotero\\Zotero\\Profiles\\0jev52w1.default\\zotero\\storage\\KXEWS3KU\\Credit-contagion-and-aggregate-losses_2006_Journal-of-Economic-Dynamics-and-Control.pdf:application/pdf}
}

@misc{us_department_of_commerce_bureau_????,
	title = {Bureau of {Economic} {Analysis}},
	url = {http://www.bea.gov/iTable/itable.cfm?reqid=52&step=1#reqid=52&step=103&isuri=1&5206=4&5205=det},
	abstract = {Official Bureau of Economic Analysis website. Source of US economic statistics including national income and product accounts (NIPAs), gross domestic product (GDP) and related measures of national, regional, industry and international accounts.},
	language = {EN-US},
	urldate = {2016-03-02},
	author = {US Department of Commerce, B. E. A.},
	file = {Snapshot:C\:\\Users\\Jason\\AppData\\Roaming\\Zotero\\Zotero\\Profiles\\0jev52w1.default\\zotero\\storage\\CS3RVNIA\\itable.html:text/html}
}

@article{allen_financial_2000-2,
	title = {Financial contagion},
	volume = {108},
	url = {http://www.jstor.org/stable/10.1086/262109},
	number = {1},
	urldate = {2016-03-07},
	journal = {Journal of political economy},
	author = {Allen, Franklin and Gale, Douglas},
	year = {2000},
	pages = {1--33}
}

@article{elsinger_risk_2011,
	title = {Risk {Assessment} for {Banking} {Systems}},
	journal = {mimeo},
	author = {Elsinger, H. and Lehar, A. and Summer, M.},
	year = {2011}
}