
@misc{_20154._????,
	title = {2015年4季度上市公司行业分类结果.},
	url = {http://www.csrc.gov.cn/pub/newsite/scb/ssgshyfljg/201603/t20160304_293900.html},
	urldate = {2016-05-02},
	file = {2015年4季度上市公司行业分类结果.:C\:\\Users\\Jason\\AppData\\Roaming\\Zotero\\Zotero\\Profiles\\0jev52w1.default\\zotero\\storage\\8PIU598K\\t20160304_293900.html:text/html}
}